%YAML 1.1
%TAG !u! tag:unity3d.com,2011:
--- !u!1 &7610057360562891812
GameObject:
  m_ObjectHideFlags: 0
  m_CorrespondingSourceObject: {fileID: 0}
  m_PrefabInstance: {fileID: 0}
  m_PrefabAsset: {fileID: 0}
  serializedVersion: 6
  m_Component:
  - component: {fileID: 7610057360562891815}
  - component: {fileID: 7610057360562891814}
  m_Layer: 0
  m_Name: Square
  m_TagString: Untagged
  m_Icon: {fileID: 0}
  m_NavMeshLayer: 0
  m_StaticEditorFlags: 0
  m_IsActive: 1
--- !u!4 &7610057360562891815
Transform:
  m_ObjectHideFlags: 0
  m_CorrespondingSourceObject: {fileID: 0}
  m_PrefabInstance: {fileID: 0}
  m_PrefabAsset: {fileID: 0}
  m_GameObject: {fileID: 7610057360562891812}
  m_LocalRotation: {x: -0, y: -0, z: -0, w: 1}
  m_LocalPosition: {x: 0, y: -3.1443753, z: 0.37402537}
  m_LocalScale: {x: 1, y: 1, z: 1}
  m_Children: []
  m_Father: {fileID: 7610057361089535216}
  m_RootOrder: 0
  m_LocalEulerAnglesHint: {x: 0, y: 0, z: 0}
--- !u!212 &7610057360562891814
SpriteRenderer:
  m_ObjectHideFlags: 0
  m_CorrespondingSourceObject: {fileID: 0}
  m_PrefabInstance: {fileID: 0}
  m_PrefabAsset: {fileID: 0}
  m_GameObject: {fileID: 7610057360562891812}
  m_Enabled: 1
  m_CastShadows: 0
  m_ReceiveShadows: 0
  m_DynamicOccludee: 1
  m_MotionVectors: 1
  m_LightProbeUsage: 1
  m_ReflectionProbeUsage: 1
  m_RayTracingMode: 0
  m_RayTraceProcedural: 0
  m_RenderingLayerMask: 1
  m_RendererPriority: 0
  m_Materials:
  - {fileID: 2100000, guid: a97c105638bdf8b4a8650670310a4cd3, type: 2}
  m_StaticBatchInfo:
    firstSubMesh: 0
    subMeshCount: 0
  m_StaticBatchRoot: {fileID: 0}
  m_ProbeAnchor: {fileID: 0}
  m_LightProbeVolumeOverride: {fileID: 0}
  m_ScaleInLightmap: 1
  m_ReceiveGI: 1
  m_PreserveUVs: 0
  m_IgnoreNormalsForChartDetection: 0
  m_ImportantGI: 0
  m_StitchLightmapSeams: 1
  m_SelectedEditorRenderState: 0
  m_MinimumChartSize: 4
  m_AutoUVMaxDistance: 0.5
  m_AutoUVMaxAngle: 89
  m_LightmapParameters: {fileID: 0}
  m_SortingLayerID: 1309367809
  m_SortingLayer: 1
  m_SortingOrder: 1
  m_Sprite: {fileID: 21300268, guid: 7810966f0f690954c87305933cabf2b0, type: 3}
  m_Color: {r: 1, g: 1, b: 1, a: 1}
  m_FlipX: 0
  m_FlipY: 0
  m_DrawMode: 0
  m_Size: {x: 1, y: 1}
  m_AdaptiveModeThreshold: 0.5
  m_SpriteTileMode: 0
  m_WasSpriteAssigned: 1
  m_MaskInteraction: 0
  m_SpriteSortPoint: 0
--- !u!1 &7610057361089535223
GameObject:
  m_ObjectHideFlags: 0
  m_CorrespondingSourceObject: {fileID: 0}
  m_PrefabInstance: {fileID: 0}
  m_PrefabAsset: {fileID: 0}
  serializedVersion: 6
  m_Component:
  - component: {fileID: 7610057361089535216}
  - component: {fileID: 7610057361089535217}
  - component: {fileID: 7610057361089535222}
  m_Layer: 0
  m_Name: CheckPoint
  m_TagString: Untagged
  m_Icon: {fileID: 0}
  m_NavMeshLayer: 0
  m_StaticEditorFlags: 0
  m_IsActive: 1
--- !u!4 &7610057361089535216
Transform:
  m_ObjectHideFlags: 0
  m_CorrespondingSourceObject: {fileID: 0}
  m_PrefabInstance: {fileID: 0}
  m_PrefabAsset: {fileID: 0}
  m_GameObject: {fileID: 7610057361089535223}
  m_LocalRotation: {x: 0, y: 0, z: 0, w: 1}
  m_LocalPosition: {x: 6.23, y: 5.28, z: -0.37402537}
  m_LocalScale: {x: 1, y: 1, z: 1}
  m_Children:
  - {fileID: 7610057360562891815}
  m_Father: {fileID: 0}
  m_RootOrder: 0
  m_LocalEulerAnglesHint: {x: 0, y: 0, z: 0}
--- !u!61 &7610057361089535217
BoxCollider2D:
  m_ObjectHideFlags: 0
  m_CorrespondingSourceObject: {fileID: 0}
  m_PrefabInstance: {fileID: 0}
  m_PrefabAsset: {fileID: 0}
  m_GameObject: {fileID: 7610057361089535223}
  m_Enabled: 1
  m_Density: 1
  m_Material: {fileID: 0}
  m_IsTrigger: 1
  m_UsedByEffector: 0
  m_UsedByComposite: 0
  m_Offset: {x: 0, y: 0}
  m_SpriteTilingProperty:
    border: {x: 0, y: 0, z: 0, w: 0}
    pivot: {x: 0, y: 0}
    oldSize: {x: 0, y: 0}
    newSize: {x: 0, y: 0}
    adaptiveTilingThreshold: 0
    drawMode: 0
    adaptiveTiling: 0
  m_AutoTiling: 0
  serializedVersion: 2
  m_Size: {x: 1, y: 28.86}
  m_EdgeRadius: 0
--- !u!114 &7610057361089535222
MonoBehaviour:
  m_ObjectHideFlags: 0
  m_CorrespondingSourceObject: {fileID: 0}
  m_PrefabInstance: {fileID: 0}
  m_PrefabAsset: {fileID: 0}
  m_GameObject: {fileID: 7610057361089535223}
  m_Enabled: 1
  m_EditorHideFlags: 0
  m_Script: {fileID: 11500000, guid: df2a2824ee38e574f892d1c34ae89e3d, type: 3}
  m_Name: 
  m_EditorClassIdentifier: 
  _sound: {fileID: 0}
--- !u!1 &7610057362338160495
GameObject:
  m_ObjectHideFlags: 0
  m_CorrespondingSourceObject: {fileID: 0}
  m_PrefabInstance: {fileID: 0}
  m_PrefabAsset: {fileID: 0}
  serializedVersion: 6
  m_Component:
  - component: {fileID: 7610057362338160494}
  - component: {fileID: 7610057362338160489}
  m_Layer: 0
  m_Name: Circle
  m_TagString: Untagged
  m_Icon: {fileID: 0}
  m_NavMeshLayer: 0
  m_StaticEditorFlags: 0
  m_IsActive: 1
--- !u!4 &7610057362338160494
Transform:
  m_ObjectHideFlags: 0
  m_CorrespondingSourceObject: {fileID: 0}
  m_PrefabInstance: {fileID: 0}
  m_PrefabAsset: {fileID: 0}
  m_GameObject: {fileID: 7610057362338160495}
  m_LocalRotation: {x: -0, y: -0, z: -0, w: 1}
  m_LocalPosition: {x: 0, y: 0.48999977, z: 0.37402537}
  m_LocalScale: {x: 1, y: 1, z: 1}
  m_Children: []
  m_Father: {fileID: 7610057361089535216}
  m_RootOrder: 1
  m_LocalEulerAnglesHint: {x: 0, y: 0, z: 0}
--- !u!212 &7610057362338160489
SpriteRenderer:
  m_ObjectHideFlags: 0
  m_CorrespondingSourceObject: {fileID: 0}
  m_PrefabInstance: {fileID: 0}
  m_PrefabAsset: {fileID: 0}
  m_GameObject: {fileID: 7610057362338160495}
  m_Enabled: 1
  m_CastShadows: 0
  m_ReceiveShadows: 0
  m_DynamicOccludee: 1
  m_MotionVectors: 1
  m_LightProbeUsage: 1
  m_ReflectionProbeUsage: 1
  m_RayTracingMode: 0
  m_RayTraceProcedural: 0
  m_RenderingLayerMask: 1
  m_RendererPriority: 0
  m_Materials:
  - {fileID: 2100000, guid: a97c105638bdf8b4a8650670310a4cd3, type: 2}
  m_StaticBatchInfo:
    firstSubMesh: 0
    subMeshCount: 0
  m_StaticBatchRoot: {fileID: 0}
  m_ProbeAnchor: {fileID: 0}
  m_LightProbeVolumeOverride: {fileID: 0}
  m_ScaleInLightmap: 1
  m_ReceiveGI: 1
  m_PreserveUVs: 0
  m_IgnoreNormalsForChartDetection: 0
  m_ImportantGI: 0
  m_StitchLightmapSeams: 1
  m_SelectedEditorRenderState: 0
  m_MinimumChartSize: 4
  m_AutoUVMaxDistance: 0.5
  m_AutoUVMaxAngle: 89
  m_LightmapParameters: {fileID: 0}
  m_SortingLayerID: -419426631
  m_SortingLayer: 2
  m_SortingOrder: -1
  m_Sprite: {fileID: -2413806693520163455, guid: e4befc42dfd428847b7c0bf05e7d983b, type: 3}
  m_Color: {r: 1, g: 1, b: 1, a: 1}
  m_FlipX: 0
  m_FlipY: 0
  m_DrawMode: 0
  m_Size: {x: 1, y: 1}
  m_AdaptiveModeThreshold: 0.5
  m_SpriteTileMode: 0
  m_WasSpriteAssigned: 1
  m_MaskInteraction: 0
  m_SpriteSortPoint: 0
--- !u!1001 &1365336721
PrefabInstance:
  m_ObjectHideFlags: 0
  serializedVersion: 2
  m_Modification:
    m_TransformParent: {fileID: 7610057361089535216}
    m_Modifications:
    - target: {fileID: 1400517151494326, guid: 69e62f89c9d82ba4085d34eeff6f57bc, type: 3}
      propertyPath: m_Name
      value: PF FX Fire Bowl Fire (2)
      objectReference: {fileID: 0}
    - target: {fileID: 1400517151494326, guid: 69e62f89c9d82ba4085d34eeff6f57bc, type: 3}
      propertyPath: m_IsActive
      value: 0
      objectReference: {fileID: 0}
    - target: {fileID: 4433612297463608, guid: 69e62f89c9d82ba4085d34eeff6f57bc, type: 3}
      propertyPath: m_RootOrder
      value: 2
      objectReference: {fileID: 0}
    - target: {fileID: 4433612297463608, guid: 69e62f89c9d82ba4085d34eeff6f57bc, type: 3}
      propertyPath: m_LocalPosition.x
      value: 0.05999756
      objectReference: {fileID: 0}
    - target: {fileID: 4433612297463608, guid: 69e62f89c9d82ba4085d34eeff6f57bc, type: 3}
      propertyPath: m_LocalPosition.y
      value: -2.17
      objectReference: {fileID: 0}
    - target: {fileID: 4433612297463608, guid: 69e62f89c9d82ba4085d34eeff6f57bc, type: 3}
      propertyPath: m_LocalPosition.z
      value: 1.5740254
      objectReference: {fileID: 0}
    - target: {fileID: 4433612297463608, guid: 69e62f89c9d82ba4085d34eeff6f57bc, type: 3}
      propertyPath: m_LocalRotation.w
      value: 1
      objectReference: {fileID: 0}
    - target: {fileID: 4433612297463608, guid: 69e62f89c9d82ba4085d34eeff6f57bc, type: 3}
      propertyPath: m_LocalRotation.x
      value: -0
      objectReference: {fileID: 0}
    - target: {fileID: 4433612297463608, guid: 69e62f89c9d82ba4085d34eeff6f57bc, type: 3}
      propertyPath: m_LocalRotation.y
      value: -0
      objectReference: {fileID: 0}
    - target: {fileID: 4433612297463608, guid: 69e62f89c9d82ba4085d34eeff6f57bc, type: 3}
      propertyPath: m_LocalRotation.z
      value: -0
      objectReference: {fileID: 0}
    - target: {fileID: 4433612297463608, guid: 69e62f89c9d82ba4085d34eeff6f57bc, type: 3}
      propertyPath: m_LocalEulerAnglesHint.x
      value: 0
      objectReference: {fileID: 0}
    - target: {fileID: 4433612297463608, guid: 69e62f89c9d82ba4085d34eeff6f57bc, type: 3}
      propertyPath: m_LocalEulerAnglesHint.y
      value: 0
      objectReference: {fileID: 0}
    - target: {fileID: 4433612297463608, guid: 69e62f89c9d82ba4085d34eeff6f57bc, type: 3}
      propertyPath: m_LocalEulerAnglesHint.z
      value: 0
      objectReference: {fileID: 0}
    - target: {fileID: 198565755821862642, guid: 69e62f89c9d82ba4085d34eeff6f57bc, type: 3}
      propertyPath: prewarm
      value: 0
      objectReference: {fileID: 0}
    - target: {fileID: 198565755821862642, guid: 69e62f89c9d82ba4085d34eeff6f57bc, type: 3}
      propertyPath: stopAction
      value: 1
      objectReference: {fileID: 0}
    - target: {fileID: 198568558973321548, guid: 69e62f89c9d82ba4085d34eeff6f57bc, type: 3}
      propertyPath: prewarm
      value: 0
      objectReference: {fileID: 0}
    - target: {fileID: 198568558973321548, guid: 69e62f89c9d82ba4085d34eeff6f57bc, type: 3}
      propertyPath: stopAction
      value: 1
      objectReference: {fileID: 0}
    - target: {fileID: 198595686844917410, guid: 69e62f89c9d82ba4085d34eeff6f57bc, type: 3}
      propertyPath: prewarm
      value: 0
      objectReference: {fileID: 0}
    - target: {fileID: 198595686844917410, guid: 69e62f89c9d82ba4085d34eeff6f57bc, type: 3}
      propertyPath: stopAction
      value: 1
      objectReference: {fileID: 0}
    - target: {fileID: 917411667324520436, guid: 69e62f89c9d82ba4085d34eeff6f57bc, type: 3}
      propertyPath: prewarm
      value: 0
      objectReference: {fileID: 0}
    - target: {fileID: 917411667324520436, guid: 69e62f89c9d82ba4085d34eeff6f57bc, type: 3}
      propertyPath: stopAction
      value: 1
      objectReference: {fileID: 0}
    - target: {fileID: 6946135895194846849, guid: 69e62f89c9d82ba4085d34eeff6f57bc, type: 3}
      propertyPath: prewarm
      value: 0
      objectReference: {fileID: 0}
    - target: {fileID: 6946135895194846849, guid: 69e62f89c9d82ba4085d34eeff6f57bc, type: 3}
      propertyPath: stopAction
      value: 1
      objectReference: {fileID: 0}
    m_RemovedComponents: []
  m_SourcePrefab: {fileID: 100100000, guid: 69e62f89c9d82ba4085d34eeff6f57bc, type: 3}
--- !u!1 &1400516327272999 stripped
GameObject:
  m_CorrespondingSourceObject: {fileID: 1400517151494326, guid: 69e62f89c9d82ba4085d34eeff6f57bc, type: 3}
  m_PrefabInstance: {fileID: 1365336721}
  m_PrefabAsset: {fileID: 0}
--- !u!4 &4433611515135401 stripped
Transform:
  m_CorrespondingSourceObject: {fileID: 4433612297463608, guid: 69e62f89c9d82ba4085d34eeff6f57bc, type: 3}
  m_PrefabInstance: {fileID: 1365336721}
  m_PrefabAsset: {fileID: 0}
