%YAML 1.1
%TAG !u! tag:unity3d.com,2011:
--- !u!70 &1955120741
CapsuleCollider2D:
  m_ObjectHideFlags: 0
  m_CorrespondingSourceObject: {fileID: 0}
  m_PrefabInstance: {fileID: 0}
  m_PrefabAsset: {fileID: 0}
  m_GameObject: {fileID: 3039633914863143625}
  m_Enabled: 1
  m_Density: 1
  m_Material: {fileID: 0}
  m_IsTrigger: 0
  m_UsedByEffector: 0
  m_UsedByComposite: 0
  m_Offset: {x: 0, y: -0.7679999}
  m_Size: {x: 0.35, y: 1.9200001}
  m_Direction: 0
--- !u!70 &1991885104
CapsuleCollider2D:
  m_ObjectHideFlags: 0
  m_CorrespondingSourceObject: {fileID: 0}
  m_PrefabInstance: {fileID: 0}
  m_PrefabAsset: {fileID: 0}
  m_GameObject: {fileID: 3039633914863145323}
  m_Enabled: 1
  m_Density: 1
  m_Material: {fileID: 0}
  m_IsTrigger: 0
  m_UsedByEffector: 0
  m_UsedByComposite: 0
  m_Offset: {x: 0.000000061669944, y: -0.55439985}
  m_Size: {x: 0.5, y: 1.5399997}
  m_Direction: 0
--- !u!255 &1389395626
FixedJoint2D:
  m_ObjectHideFlags: 0
  m_CorrespondingSourceObject: {fileID: 0}
  m_PrefabInstance: {fileID: 0}
  m_PrefabAsset: {fileID: 0}
  m_GameObject: {fileID: 3039633914863145323}
  m_Enabled: 1
  serializedVersion: 4
  m_EnableCollision: 0
  m_ConnectedRigidBody: {fileID: 3039633913746046438}
  m_BreakForce: Infinity
  m_BreakTorque: Infinity
  m_AutoConfigureConnectedAnchor: 0
  m_Anchor: {x: 0, y: 0}
  m_ConnectedAnchor: {x: -0.1344228, y: -1.2652891}
  m_DampingRatio: 0
  m_Frequency: 0
--- !u!114 &1536755833
MonoBehaviour:
  m_ObjectHideFlags: 0
  m_CorrespondingSourceObject: {fileID: 0}
  m_PrefabInstance: {fileID: 0}
  m_PrefabAsset: {fileID: 0}
  m_GameObject: {fileID: 3039633914863146067}
  m_Enabled: 1
  m_EditorHideFlags: 0
  m_Script: {fileID: 11500000, guid: e90367b3080cb2745a57e58a799bfd82, type: 3}
  m_Name: 
  m_EditorClassIdentifier: 
  _smokeTrail: {fileID: 1691229492994286}
--- !u!114 &9082192285826417707
MonoBehaviour:
  m_ObjectHideFlags: 0
  m_CorrespondingSourceObject: {fileID: 0}
  m_PrefabInstance: {fileID: 0}
  m_PrefabAsset: {fileID: 0}
  m_GameObject: {fileID: 3039633914863146067}
  m_Enabled: 1
  m_EditorHideFlags: 0
  m_Script: {fileID: 11500000, guid: 3a24ff0d496b6b745bc2968491261a7d, type: 3}
  m_Name: 
  m_EditorClassIdentifier: 
  _loseControlFX: {fileID: 847871937947724119}
--- !u!70 &2075217071
CapsuleCollider2D:
  m_ObjectHideFlags: 0
  m_CorrespondingSourceObject: {fileID: 0}
  m_PrefabInstance: {fileID: 0}
  m_PrefabAsset: {fileID: 0}
  m_GameObject: {fileID: 3039633914863151843}
  m_Enabled: 1
  m_Density: 1
  m_Material: {fileID: 0}
  m_IsTrigger: 0
  m_UsedByEffector: 0
  m_UsedByComposite: 0
  m_Offset: {x: 0, y: -0.76800007}
  m_Size: {x: 0.35, y: 1.9200006}
  m_Direction: 0
--- !u!70 &908870784
CapsuleCollider2D:
  m_ObjectHideFlags: 0
  m_CorrespondingSourceObject: {fileID: 0}
  m_PrefabInstance: {fileID: 0}
  m_PrefabAsset: {fileID: 0}
  m_GameObject: {fileID: 3039633914863160381}
  m_Enabled: 1
  m_Density: 1
  m_Material: {fileID: 0}
  m_IsTrigger: 0
  m_UsedByEffector: 0
  m_UsedByComposite: 0
  m_Offset: {x: 0.000000011473894, y: -0.7699999}
  m_Size: {x: 0.5, y: 1.5399998}
  m_Direction: 0
--- !u!233 &1830681860
HingeJoint2D:
  m_ObjectHideFlags: 0
  m_CorrespondingSourceObject: {fileID: 0}
  m_PrefabInstance: {fileID: 0}
  m_PrefabAsset: {fileID: 0}
  m_GameObject: {fileID: 3039633914863160381}
  m_Enabled: 1
  serializedVersion: 4
  m_EnableCollision: 0
  m_ConnectedRigidBody: {fileID: 3039633913544971552}
  m_BreakForce: Infinity
  m_BreakTorque: Infinity
  m_AutoConfigureConnectedAnchor: 0
  m_Anchor: {x: -0.0025552958, y: -0.40062198}
  m_ConnectedAnchor: {x: 0.5301293, y: -4.0020685}
  m_UseMotor: 0
  m_Motor:
    m_MotorSpeed: 0
    m_MaximumMotorForce: 10000
  m_UseLimits: 0
  m_AngleLimits:
    m_LowerAngle: 0
    m_UpperAngle: 359
--- !u!70 &644829064
CapsuleCollider2D:
  m_ObjectHideFlags: 0
  m_CorrespondingSourceObject: {fileID: 0}
  m_PrefabInstance: {fileID: 0}
  m_PrefabAsset: {fileID: 0}
  m_GameObject: {fileID: 3039633914863162585}
  m_Enabled: 1
  m_Density: 1
  m_Material: {fileID: 0}
  m_IsTrigger: 0
  m_UsedByEffector: 0
  m_UsedByComposite: 0
  m_Offset: {x: 0, y: -0.91}
  m_Size: {x: 0.35, y: 1.5}
  m_Direction: 0
--- !u!233 &2011784201
HingeJoint2D:
  m_ObjectHideFlags: 0
  m_CorrespondingSourceObject: {fileID: 0}
  m_PrefabInstance: {fileID: 0}
  m_PrefabAsset: {fileID: 0}
  m_GameObject: {fileID: 3039633914863162585}
  m_Enabled: 1
  serializedVersion: 4
  m_EnableCollision: 1
  m_ConnectedRigidBody: {fileID: 3039633913544971552}
  m_BreakForce: 2000
  m_BreakTorque: Infinity
  m_AutoConfigureConnectedAnchor: 0
  m_Anchor: {x: 0, y: 0}
  m_ConnectedAnchor: {x: -0.18846595, y: -0.4629081}
  m_UseMotor: 0
  m_Motor:
    m_MotorSpeed: 0
    m_MaximumMotorForce: 10000
  m_UseLimits: 0
  m_AngleLimits:
    m_LowerAngle: 0
    m_UpperAngle: 359
--- !u!70 &2086103146
CapsuleCollider2D:
  m_ObjectHideFlags: 0
  m_CorrespondingSourceObject: {fileID: 0}
  m_PrefabInstance: {fileID: 0}
  m_PrefabAsset: {fileID: 0}
  m_GameObject: {fileID: 3039633914863167669}
  m_Enabled: 1
  m_Density: 1
  m_Material: {fileID: 0}
  m_IsTrigger: 0
  m_UsedByEffector: 0
  m_UsedByComposite: 0
  m_Offset: {x: 0.0000000035855918, y: -0.76999986}
  m_Size: {x: 0.5, y: 1.5399997}
  m_Direction: 0
--- !u!233 &189485918
HingeJoint2D:
  m_ObjectHideFlags: 0
  m_CorrespondingSourceObject: {fileID: 0}
  m_PrefabInstance: {fileID: 0}
  m_PrefabAsset: {fileID: 0}
  m_GameObject: {fileID: 3039633914863167669}
  m_Enabled: 1
  serializedVersion: 4
  m_EnableCollision: 0
  m_ConnectedRigidBody: {fileID: 3039633913544971552}
  m_BreakForce: Infinity
  m_BreakTorque: Infinity
  m_AutoConfigureConnectedAnchor: 0
  m_Anchor: {x: -0.06167204, y: -0.38937455}
  m_ConnectedAnchor: {x: -0.6017262, y: -4.022494}
  m_UseMotor: 0
  m_Motor:
    m_MotorSpeed: 0
    m_MaximumMotorForce: 10000
  m_UseLimits: 0
  m_AngleLimits:
    m_LowerAngle: 0
    m_UpperAngle: 359
--- !u!70 &1641079198
CapsuleCollider2D:
  m_ObjectHideFlags: 0
  m_CorrespondingSourceObject: {fileID: 0}
  m_PrefabInstance: {fileID: 0}
  m_PrefabAsset: {fileID: 0}
  m_GameObject: {fileID: 3039633914863181447}
  m_Enabled: 1
  m_Density: 1
  m_Material: {fileID: 0}
  m_IsTrigger: 0
  m_UsedByEffector: 0
  m_UsedByComposite: 0
  m_Offset: {x: -0.000000028610229, y: -0.91}
  m_Size: {x: 0.35, y: 1.5}
  m_Direction: 0
--- !u!233 &1965754544
HingeJoint2D:
  m_ObjectHideFlags: 0
  m_CorrespondingSourceObject: {fileID: 0}
  m_PrefabInstance: {fileID: 0}
  m_PrefabAsset: {fileID: 0}
  m_GameObject: {fileID: 3039633914863181447}
  m_Enabled: 1
  serializedVersion: 4
  m_EnableCollision: 1
  m_ConnectedRigidBody: {fileID: 3039633913544971552}
  m_BreakForce: 2000
  m_BreakTorque: Infinity
  m_AutoConfigureConnectedAnchor: 0
  m_Anchor: {x: 0, y: 0}
  m_ConnectedAnchor: {x: 0.24166667, y: -0.46666667}
  m_UseMotor: 0
  m_Motor:
    m_MotorSpeed: 0
    m_MaximumMotorForce: 10000
  m_UseLimits: 0
  m_AngleLimits:
    m_LowerAngle: 0
    m_UpperAngle: 359
--- !u!70 &71718911
CapsuleCollider2D:
  m_ObjectHideFlags: 0
  m_CorrespondingSourceObject: {fileID: 0}
  m_PrefabInstance: {fileID: 0}
  m_PrefabAsset: {fileID: 0}
  m_GameObject: {fileID: 3039633914863209957}
  m_Enabled: 1
  m_Density: 1
  m_Material: {fileID: 0}
  m_IsTrigger: 0
  m_UsedByEffector: 0
  m_UsedByComposite: 0
  m_Offset: {x: -0.0000000041306016, y: -0.5544}
  m_Size: {x: 0.50000006, y: 1.5400002}
  m_Direction: 0
--- !u!255 &2082005303
FixedJoint2D:
  m_ObjectHideFlags: 0
  m_CorrespondingSourceObject: {fileID: 0}
  m_PrefabInstance: {fileID: 0}
  m_PrefabAsset: {fileID: 0}
  m_GameObject: {fileID: 3039633914863209957}
  m_Enabled: 1
  serializedVersion: 4
  m_EnableCollision: 0
  m_ConnectedRigidBody: {fileID: 3039633914114721280}
  m_BreakForce: Infinity
  m_BreakTorque: Infinity
  m_AutoConfigureConnectedAnchor: 0
  m_Anchor: {x: 0, y: 0}
  m_ConnectedAnchor: {x: -0.0041668303, y: -1.2916679}
  m_DampingRatio: 0
  m_Frequency: 0
--- !u!1 &4450672706579488949
GameObject:
  m_ObjectHideFlags: 0
  m_CorrespondingSourceObject: {fileID: 0}
  m_PrefabInstance: {fileID: 0}
  m_PrefabAsset: {fileID: 0}
  serializedVersion: 6
  m_Component:
  - component: {fileID: 4450672706579488948}
  - component: {fileID: 4450672706579488951}
  m_Layer: 0
  m_Name: Player_Stilts
  m_TagString: Player
  m_Icon: {fileID: 0}
  m_NavMeshLayer: 0
  m_StaticEditorFlags: 0
  m_IsActive: 1
--- !u!4 &4450672706579488948
Transform:
  m_ObjectHideFlags: 0
  m_CorrespondingSourceObject: {fileID: 0}
  m_PrefabInstance: {fileID: 0}
  m_PrefabAsset: {fileID: 0}
  m_GameObject: {fileID: 4450672706579488949}
  m_LocalRotation: {x: 0, y: 0, z: 0, w: 1}
  m_LocalPosition: {x: 0, y: 0, z: 0}
  m_LocalScale: {x: 1, y: 1, z: 1}
  m_Children:
  - {fileID: 3039633914862975949}
  m_Father: {fileID: 0}
  m_RootOrder: 0
  m_LocalEulerAnglesHint: {x: 0, y: 0, z: 0}
--- !u!114 &4450672706579488951
MonoBehaviour:
  m_ObjectHideFlags: 0
  m_CorrespondingSourceObject: {fileID: 0}
  m_PrefabInstance: {fileID: 0}
  m_PrefabAsset: {fileID: 0}
  m_GameObject: {fileID: 4450672706579488949}
  m_Enabled: 1
  m_EditorHideFlags: 0
  m_Script: {fileID: 11500000, guid: 3cc17308fcf08f940b611f9568402fe4, type: 3}
  m_Name: 
  m_EditorClassIdentifier: 
  _leftStilt: {fileID: 4292681155631023518}
  _rightStilt: {fileID: 4249998726365740240}
  _mainBody: {fileID: 3039633913544971552}
  _headCol: {fileID: 3039633914862432790}
  _groundLayer:
    serializedVersion: 2
    m_Bits: 64
  _camera: {fileID: 0}
  _leftCheck: {fileID: 7708512526626254390}
  _rightCheck: {fileID: 8085088431428515671}
  _rotateSpeed: 0.9
  _moveSpeed: 1.3
  _moveUpSpeed: 1.7
  _fallingHeight: 2
  _moveDistance: {x: 3, y: 2}
--- !u!1 &6086803174769587538
GameObject:
  m_ObjectHideFlags: 0
  m_CorrespondingSourceObject: {fileID: 0}
  m_PrefabInstance: {fileID: 0}
  m_PrefabAsset: {fileID: 0}
  serializedVersion: 6
  m_Component:
  - component: {fileID: 4765796763763676755}
  - component: {fileID: 2208430277989219677}
  - component: {fileID: 7708512526626254390}
  - component: {fileID: 934713461}
  m_Layer: 0
  m_Name: GroundCheck_L
  m_TagString: Untagged
  m_Icon: {fileID: 0}
  m_NavMeshLayer: 0
  m_StaticEditorFlags: 0
  m_IsActive: 1
--- !u!4 &4765796763763676755
Transform:
  m_ObjectHideFlags: 0
  m_CorrespondingSourceObject: {fileID: 0}
  m_PrefabInstance: {fileID: 0}
  m_PrefabAsset: {fileID: 0}
  m_GameObject: {fileID: 6086803174769587538}
  m_LocalRotation: {x: 0, y: 0, z: 0, w: 1}
  m_LocalPosition: {x: -0, y: -0.5, z: 0}
  m_LocalScale: {x: 1, y: 1, z: 1}
  m_Children: []
  m_Father: {fileID: 3426335606690484830}
  m_RootOrder: 1
  m_LocalEulerAnglesHint: {x: 0, y: 0, z: 0}
--- !u!61 &2208430277989219677
BoxCollider2D:
  m_ObjectHideFlags: 0
  m_CorrespondingSourceObject: {fileID: 0}
  m_PrefabInstance: {fileID: 0}
  m_PrefabAsset: {fileID: 0}
  m_GameObject: {fileID: 6086803174769587538}
  m_Enabled: 1
  m_Density: 1
  m_Material: {fileID: 0}
  m_IsTrigger: 1
  m_UsedByEffector: 0
  m_UsedByComposite: 0
  m_Offset: {x: 0, y: 0}
  m_SpriteTilingProperty:
    border: {x: 0, y: 0, z: 0, w: 0}
    pivot: {x: 0, y: 0}
    oldSize: {x: 0, y: 0}
    newSize: {x: 0, y: 0}
    adaptiveTilingThreshold: 0
    drawMode: 0
    adaptiveTiling: 0
  m_AutoTiling: 0
  serializedVersion: 2
  m_Size: {x: 1, y: 0.02}
  m_EdgeRadius: 0
--- !u!114 &7708512526626254390
MonoBehaviour:
  m_ObjectHideFlags: 0
  m_CorrespondingSourceObject: {fileID: 0}
  m_PrefabInstance: {fileID: 0}
  m_PrefabAsset: {fileID: 0}
  m_GameObject: {fileID: 6086803174769587538}
  m_Enabled: 1
  m_EditorHideFlags: 0
  m_Script: {fileID: 11500000, guid: 54ad8436cbc3fd9459b9dd8aa4ade33f, type: 3}
  m_Name: 
  m_EditorClassIdentifier: 
  _groundLayer:
    serializedVersion: 2
    m_Bits: 64
  _leftStep: {fileID: 0}
--- !u!50 &934713461
Rigidbody2D:
  serializedVersion: 4
  m_ObjectHideFlags: 0
  m_CorrespondingSourceObject: {fileID: 0}
  m_PrefabInstance: {fileID: 0}
  m_PrefabAsset: {fileID: 0}
  m_GameObject: {fileID: 6086803174769587538}
  m_BodyType: 1
  m_Simulated: 1
  m_UseFullKinematicContacts: 0
  m_UseAutoMass: 0
  m_Mass: 1
  m_LinearDrag: 0
  m_AngularDrag: 0.05
  m_GravityScale: 1
  m_Material: {fileID: 0}
  m_Interpolate: 0
  m_SleepingMode: 1
  m_CollisionDetection: 0
  m_Constraints: 0
--- !u!1 &6421620810209410038
GameObject:
  m_ObjectHideFlags: 0
  m_CorrespondingSourceObject: {fileID: 0}
  m_PrefabInstance: {fileID: 0}
  m_PrefabAsset: {fileID: 0}
  serializedVersion: 6
  m_Component:
  - component: {fileID: 3426335606690484830}
  - component: {fileID: 453059793164737103}
  - component: {fileID: 4292681155631023518}
  - component: {fileID: 1650846837311499949}
  - component: {fileID: 4168853126786215146}
  - component: {fileID: 7077904728965854174}
  - component: {fileID: 848375194}
  m_Layer: 0
  m_Name: Stilts_L
  m_TagString: Untagged
  m_Icon: {fileID: 0}
  m_NavMeshLayer: 0
  m_StaticEditorFlags: 0
  m_IsActive: 1
--- !u!4 &3426335606690484830
Transform:
  m_ObjectHideFlags: 0
  m_CorrespondingSourceObject: {fileID: 0}
  m_PrefabInstance: {fileID: 0}
  m_PrefabAsset: {fileID: 0}
  m_GameObject: {fileID: 6421620810209410038}
  m_LocalRotation: {x: 0, y: 0, z: -0.043619405, w: 0.9990483}
  m_LocalPosition: {x: -0.302, y: -0.85, z: 0}
  m_LocalScale: {x: 1, y: 0.7, z: 1}
  m_Children:
  - {fileID: 5411992002901205900}
  - {fileID: 1724798810500314380}
  m_Father: {fileID: 3039633914862975949}
  m_RootOrder: 10
  m_LocalEulerAnglesHint: {x: 0, y: 0, z: -5}
--- !u!212 &453059793164737103
SpriteRenderer:
  m_ObjectHideFlags: 0
  m_CorrespondingSourceObject: {fileID: 0}
  m_PrefabInstance: {fileID: 0}
  m_PrefabAsset: {fileID: 0}
  m_GameObject: {fileID: 6421620810209410038}
  m_Enabled: 1
  m_CastShadows: 0
  m_ReceiveShadows: 0
  m_DynamicOccludee: 1
  m_MotionVectors: 1
  m_LightProbeUsage: 1
  m_ReflectionProbeUsage: 1
  m_RayTracingMode: 0
  m_RayTraceProcedural: 0
  m_RenderingLayerMask: 1
  m_RendererPriority: 0
  m_Materials:
  - {fileID: 10754, guid: 0000000000000000f000000000000000, type: 0}
  m_StaticBatchInfo:
    firstSubMesh: 0
    subMeshCount: 0
  m_StaticBatchRoot: {fileID: 0}
  m_ProbeAnchor: {fileID: 0}
  m_LightProbeVolumeOverride: {fileID: 0}
  m_ScaleInLightmap: 1
  m_ReceiveGI: 1
  m_PreserveUVs: 0
  m_IgnoreNormalsForChartDetection: 0
  m_ImportantGI: 0
  m_StitchLightmapSeams: 1
  m_SelectedEditorRenderState: 0
  m_MinimumChartSize: 4
  m_AutoUVMaxDistance: 0.5
  m_AutoUVMaxAngle: 89
  m_LightmapParameters: {fileID: 0}
  m_SortingLayerID: -419426631
  m_SortingLayer: 2
  m_SortingOrder: 0
  m_Sprite: {fileID: 7482667652216324306, guid: edb91b284cb89e94182c92b07845832d, type: 3}
  m_Color: {r: 0.2924528, g: 0.15392849, b: 0.09794411, a: 1}
  m_FlipX: 0
  m_FlipY: 0
  m_DrawMode: 0
  m_Size: {x: 1, y: 1}
  m_AdaptiveModeThreshold: 0.5
  m_SpriteTileMode: 0
  m_WasSpriteAssigned: 1
  m_MaskInteraction: 0
  m_SpriteSortPoint: 0
--- !u!50 &4292681155631023518
Rigidbody2D:
  serializedVersion: 4
  m_ObjectHideFlags: 0
  m_CorrespondingSourceObject: {fileID: 0}
  m_PrefabInstance: {fileID: 0}
  m_PrefabAsset: {fileID: 0}
  m_GameObject: {fileID: 6421620810209410038}
  m_BodyType: 0
  m_Simulated: 1
  m_UseFullKinematicContacts: 0
  m_UseAutoMass: 0
  m_Mass: 17
  m_LinearDrag: 0
  m_AngularDrag: 0.05
  m_GravityScale: 1.5
  m_Material: {fileID: 6200000, guid: 2cef459cda67a774797ea6ef17d49330, type: 2}
  m_Interpolate: 0
  m_SleepingMode: 1
  m_CollisionDetection: 1
  m_Constraints: 0
--- !u!114 &1650846837311499949
MonoBehaviour:
  m_ObjectHideFlags: 0
  m_CorrespondingSourceObject: {fileID: 0}
  m_PrefabInstance: {fileID: 0}
  m_PrefabAsset: {fileID: 0}
  m_GameObject: {fileID: 6421620810209410038}
  m_Enabled: 1
  m_EditorHideFlags: 0
  m_Script: {fileID: 11500000, guid: 6f1e13bfa42c9a34ba98866b1f53998b, type: 3}
  m_Name: 
  m_EditorClassIdentifier: 
--- !u!255 &4168853126786215146
FixedJoint2D:
  m_ObjectHideFlags: 0
  m_CorrespondingSourceObject: {fileID: 0}
  m_PrefabInstance: {fileID: 0}
  m_PrefabAsset: {fileID: 0}
  m_GameObject: {fileID: 6421620810209410038}
  m_Enabled: 1
  serializedVersion: 4
  m_EnableCollision: 1
  m_ConnectedRigidBody: {fileID: 3039633913557481517}
  m_BreakForce: Infinity
  m_BreakTorque: Infinity
  m_AutoConfigureConnectedAnchor: 0
  m_Anchor: {x: -0.012812012, y: 1.2827146}
  m_ConnectedAnchor: {x: -0.3955904, y: -1.1348994}
  m_DampingRatio: 0
  m_Frequency: 0
--- !u!70 &5814296077190456520
CapsuleCollider2D:
  m_ObjectHideFlags: 0
  m_CorrespondingSourceObject: {fileID: 0}
  m_PrefabInstance: {fileID: 0}
  m_PrefabAsset: {fileID: 0}
  m_GameObject: {fileID: 6421620810209410038}
  m_Enabled: 1
  m_Density: 1
  m_Material: {fileID: 6200000, guid: 2cef459cda67a774797ea6ef17d49330, type: 2}
  m_IsTrigger: 0
  m_UsedByEffector: 0
  m_UsedByComposite: 0
  m_Offset: {x: 0, y: 0}
  m_Size: {x: 1.0000001, y: 1.0000001}
  m_Direction: 0
--- !u!114 &848375194
MonoBehaviour:
  m_ObjectHideFlags: 0
  m_CorrespondingSourceObject: {fileID: 0}
  m_PrefabInstance: {fileID: 0}
  m_PrefabAsset: {fileID: 0}
  m_GameObject: {fileID: 6421620810209410038}
  m_Enabled: 1
  m_EditorHideFlags: 0
  m_Script: {fileID: 11500000, guid: 3c34c65689aeda547a39a8f2713543db, type: 3}
  m_Name: 
  m_EditorClassIdentifier: 
  _smokeTrail: {fileID: 1722154351715424594}
--- !u!1 &8012840394083912220
GameObject:
  m_ObjectHideFlags: 0
  m_CorrespondingSourceObject: {fileID: 0}
  m_PrefabInstance: {fileID: 0}
  m_PrefabAsset: {fileID: 0}
  serializedVersion: 6
  m_Component:
  - component: {fileID: 8588921416065925263}
  - component: {fileID: 9128357667316166639}
  - component: {fileID: 8085088431428515671}
  m_Layer: 0
  m_Name: GroundCheck_R
  m_TagString: Untagged
  m_Icon: {fileID: 0}
  m_NavMeshLayer: 0
  m_StaticEditorFlags: 0
  m_IsActive: 1
--- !u!4 &8588921416065925263
Transform:
  m_ObjectHideFlags: 0
  m_CorrespondingSourceObject: {fileID: 0}
  m_PrefabInstance: {fileID: 0}
  m_PrefabAsset: {fileID: 0}
  m_GameObject: {fileID: 8012840394083912220}
  m_LocalRotation: {x: 0, y: 0, z: 0, w: 1}
  m_LocalPosition: {x: 0, y: -0.5, z: 0}
  m_LocalScale: {x: 1, y: 1, z: 1}
  m_Children: []
  m_Father: {fileID: 8857478468455527912}
  m_RootOrder: 1
  m_LocalEulerAnglesHint: {x: 0, y: 0, z: 0}
--- !u!61 &9128357667316166639
BoxCollider2D:
  m_ObjectHideFlags: 0
  m_CorrespondingSourceObject: {fileID: 0}
  m_PrefabInstance: {fileID: 0}
  m_PrefabAsset: {fileID: 0}
  m_GameObject: {fileID: 8012840394083912220}
  m_Enabled: 1
  m_Density: 1
  m_Material: {fileID: 0}
  m_IsTrigger: 1
  m_UsedByEffector: 0
  m_UsedByComposite: 0
  m_Offset: {x: 0, y: 0}
  m_SpriteTilingProperty:
    border: {x: 0, y: 0, z: 0, w: 0}
    pivot: {x: 0, y: 0}
    oldSize: {x: 0, y: 0}
    newSize: {x: 0, y: 0}
    adaptiveTilingThreshold: 0
    drawMode: 0
    adaptiveTiling: 0
  m_AutoTiling: 0
  serializedVersion: 2
  m_Size: {x: 1, y: 0.02}
  m_EdgeRadius: 0
--- !u!114 &8085088431428515671
MonoBehaviour:
  m_ObjectHideFlags: 0
  m_CorrespondingSourceObject: {fileID: 0}
  m_PrefabInstance: {fileID: 0}
  m_PrefabAsset: {fileID: 0}
  m_GameObject: {fileID: 8012840394083912220}
  m_Enabled: 1
  m_EditorHideFlags: 0
  m_Script: {fileID: 11500000, guid: 0d5fa9586ba4bb84a9cf3222d5f6d9d9, type: 3}
  m_Name: 
  m_EditorClassIdentifier: 
  _groundLayer:
    serializedVersion: 2
    m_Bits: 64
  _rightStep: {fileID: 0}
--- !u!1 &9222679088515537540
GameObject:
  m_ObjectHideFlags: 0
  m_CorrespondingSourceObject: {fileID: 0}
  m_PrefabInstance: {fileID: 0}
  m_PrefabAsset: {fileID: 0}
  serializedVersion: 6
  m_Component:
  - component: {fileID: 8857478468455527912}
  - component: {fileID: 7374205940777658127}
  - component: {fileID: 4249998726365740240}
  - component: {fileID: 2985347646426924835}
  - component: {fileID: 7993907397597717406}
  - component: {fileID: 1311365778}
  - component: {fileID: 566983798}
  m_Layer: 0
  m_Name: Stilts_R
  m_TagString: Untagged
  m_Icon: {fileID: 0}
  m_NavMeshLayer: 0
  m_StaticEditorFlags: 0
  m_IsActive: 1
--- !u!4 &8857478468455527912
Transform:
  m_ObjectHideFlags: 0
  m_CorrespondingSourceObject: {fileID: 0}
  m_PrefabInstance: {fileID: 0}
  m_PrefabAsset: {fileID: 0}
  m_GameObject: {fileID: 9222679088515537540}
  m_LocalRotation: {x: 0, y: 0, z: 0.043619405, w: 0.9990483}
  m_LocalPosition: {x: 0.302, y: -0.856, z: 0}
  m_LocalScale: {x: 1, y: 0.7, z: 1}
  m_Children:
  - {fileID: 5988381419969774873}
  - {fileID: 2618242223209446330}
  m_Father: {fileID: 3039633914862975949}
  m_RootOrder: 11
  m_LocalEulerAnglesHint: {x: 0, y: 0, z: 5}
--- !u!212 &7374205940777658127
SpriteRenderer:
  m_ObjectHideFlags: 0
  m_CorrespondingSourceObject: {fileID: 0}
  m_PrefabInstance: {fileID: 0}
  m_PrefabAsset: {fileID: 0}
  m_GameObject: {fileID: 9222679088515537540}
  m_Enabled: 1
  m_CastShadows: 0
  m_ReceiveShadows: 0
  m_DynamicOccludee: 1
  m_MotionVectors: 1
  m_LightProbeUsage: 1
  m_ReflectionProbeUsage: 1
  m_RayTracingMode: 0
  m_RayTraceProcedural: 0
  m_RenderingLayerMask: 1
  m_RendererPriority: 0
  m_Materials:
  - {fileID: 10754, guid: 0000000000000000f000000000000000, type: 0}
  m_StaticBatchInfo:
    firstSubMesh: 0
    subMeshCount: 0
  m_StaticBatchRoot: {fileID: 0}
  m_ProbeAnchor: {fileID: 0}
  m_LightProbeVolumeOverride: {fileID: 0}
  m_ScaleInLightmap: 1
  m_ReceiveGI: 1
  m_PreserveUVs: 0
  m_IgnoreNormalsForChartDetection: 0
  m_ImportantGI: 0
  m_StitchLightmapSeams: 1
  m_SelectedEditorRenderState: 0
  m_MinimumChartSize: 4
  m_AutoUVMaxDistance: 0.5
  m_AutoUVMaxAngle: 89
  m_LightmapParameters: {fileID: 0}
  m_SortingLayerID: -419426631
  m_SortingLayer: 2
  m_SortingOrder: 0
  m_Sprite: {fileID: 7482667652216324306, guid: edb91b284cb89e94182c92b07845832d, type: 3}
  m_Color: {r: 0, g: 0, b: 0, a: 1}
  m_FlipX: 0
  m_FlipY: 0
  m_DrawMode: 0
  m_Size: {x: 1, y: 1}
  m_AdaptiveModeThreshold: 0.5
  m_SpriteTileMode: 0
  m_WasSpriteAssigned: 1
  m_MaskInteraction: 0
  m_SpriteSortPoint: 0
--- !u!50 &4249998726365740240
Rigidbody2D:
  serializedVersion: 4
  m_ObjectHideFlags: 0
  m_CorrespondingSourceObject: {fileID: 0}
  m_PrefabInstance: {fileID: 0}
  m_PrefabAsset: {fileID: 0}
  m_GameObject: {fileID: 9222679088515537540}
  m_BodyType: 0
  m_Simulated: 1
  m_UseFullKinematicContacts: 0
  m_UseAutoMass: 0
  m_Mass: 20
  m_LinearDrag: 0
  m_AngularDrag: 0.05
  m_GravityScale: 1.5
  m_Material: {fileID: 6200000, guid: 2cef459cda67a774797ea6ef17d49330, type: 2}
  m_Interpolate: 0
  m_SleepingMode: 1
  m_CollisionDetection: 1
  m_Constraints: 0
--- !u!255 &2985347646426924835
FixedJoint2D:
  m_ObjectHideFlags: 0
  m_CorrespondingSourceObject: {fileID: 0}
  m_PrefabInstance: {fileID: 0}
  m_PrefabAsset: {fileID: 0}
  m_GameObject: {fileID: 9222679088515537540}
  m_Enabled: 1
  serializedVersion: 4
  m_EnableCollision: 1
  m_ConnectedRigidBody: {fileID: 3039633914071873201}
  m_BreakForce: Infinity
  m_BreakTorque: Infinity
  m_AutoConfigureConnectedAnchor: 0
  m_Anchor: {x: 0.01291395, y: 1.3033446}
  m_ConnectedAnchor: {x: 0.17117082, y: -1.1543679}
  m_DampingRatio: 0
  m_Frequency: 0
--- !u!70 &7993907397597717406
CapsuleCollider2D:
  m_ObjectHideFlags: 0
  m_CorrespondingSourceObject: {fileID: 0}
  m_PrefabInstance: {fileID: 0}
  m_PrefabAsset: {fileID: 0}
  m_GameObject: {fileID: 9222679088515537540}
  m_Enabled: 1
  m_Density: 1
  m_Material: {fileID: 6200000, guid: 2cef459cda67a774797ea6ef17d49330, type: 2}
  m_IsTrigger: 0
  m_UsedByEffector: 0
  m_UsedByComposite: 0
  m_Offset: {x: 0, y: 0}
  m_Size: {x: 1, y: 1}
  m_Direction: 0
--- !u!114 &1311365778
MonoBehaviour:
  m_ObjectHideFlags: 0
  m_CorrespondingSourceObject: {fileID: 0}
  m_PrefabInstance: {fileID: 0}
  m_PrefabAsset: {fileID: 0}
  m_GameObject: {fileID: 9222679088515537540}
  m_Enabled: 1
  m_EditorHideFlags: 0
  m_Script: {fileID: 11500000, guid: 6f1e13bfa42c9a34ba98866b1f53998b, type: 3}
  m_Name: 
  m_EditorClassIdentifier: 
--- !u!114 &566983798
MonoBehaviour:
  m_ObjectHideFlags: 0
  m_CorrespondingSourceObject: {fileID: 0}
  m_PrefabInstance: {fileID: 0}
  m_PrefabAsset: {fileID: 0}
  m_GameObject: {fileID: 9222679088515537540}
  m_Enabled: 1
  m_EditorHideFlags: 0
  m_Script: {fileID: 11500000, guid: 3c34c65689aeda547a39a8f2713543db, type: 3}
  m_Name: 
  m_EditorClassIdentifier: 
  _smokeTrail: {fileID: 2620030986667481060}
--- !u!1001 &1654686658
PrefabInstance:
  m_ObjectHideFlags: 0
  serializedVersion: 2
  m_Modification:
    m_TransformParent: {fileID: 3039633914862977185}
    m_Modifications:
    - target: {fileID: 1691231143420716, guid: 0e8263b55ce10324ea322a63f7efc1f7, type: 3}
      propertyPath: m_Name
      value: FX_Smoke_Trail_Small_01
      objectReference: {fileID: 0}
    - target: {fileID: 4476152522362738, guid: 0e8263b55ce10324ea322a63f7efc1f7, type: 3}
      propertyPath: m_RootOrder
      value: 6
      objectReference: {fileID: 0}
    - target: {fileID: 4476152522362738, guid: 0e8263b55ce10324ea322a63f7efc1f7, type: 3}
      propertyPath: m_LocalScale.x
      value: 0.5
      objectReference: {fileID: 0}
    - target: {fileID: 4476152522362738, guid: 0e8263b55ce10324ea322a63f7efc1f7, type: 3}
      propertyPath: m_LocalScale.y
      value: 0.5
      objectReference: {fileID: 0}
    - target: {fileID: 4476152522362738, guid: 0e8263b55ce10324ea322a63f7efc1f7, type: 3}
      propertyPath: m_LocalPosition.x
      value: 0
      objectReference: {fileID: 0}
    - target: {fileID: 4476152522362738, guid: 0e8263b55ce10324ea322a63f7efc1f7, type: 3}
      propertyPath: m_LocalPosition.y
      value: 0
      objectReference: {fileID: 0}
    - target: {fileID: 4476152522362738, guid: 0e8263b55ce10324ea322a63f7efc1f7, type: 3}
      propertyPath: m_LocalPosition.z
      value: 0
      objectReference: {fileID: 0}
    - target: {fileID: 4476152522362738, guid: 0e8263b55ce10324ea322a63f7efc1f7, type: 3}
      propertyPath: m_LocalRotation.w
      value: 1
      objectReference: {fileID: 0}
    - target: {fileID: 4476152522362738, guid: 0e8263b55ce10324ea322a63f7efc1f7, type: 3}
      propertyPath: m_LocalRotation.x
      value: 0
      objectReference: {fileID: 0}
    - target: {fileID: 4476152522362738, guid: 0e8263b55ce10324ea322a63f7efc1f7, type: 3}
      propertyPath: m_LocalRotation.y
      value: 0
      objectReference: {fileID: 0}
    - target: {fileID: 4476152522362738, guid: 0e8263b55ce10324ea322a63f7efc1f7, type: 3}
      propertyPath: m_LocalRotation.z
      value: 0
      objectReference: {fileID: 0}
    - target: {fileID: 4476152522362738, guid: 0e8263b55ce10324ea322a63f7efc1f7, type: 3}
      propertyPath: m_LocalEulerAnglesHint.x
      value: 0
      objectReference: {fileID: 0}
    - target: {fileID: 4476152522362738, guid: 0e8263b55ce10324ea322a63f7efc1f7, type: 3}
      propertyPath: m_LocalEulerAnglesHint.y
      value: 0
      objectReference: {fileID: 0}
    - target: {fileID: 4476152522362738, guid: 0e8263b55ce10324ea322a63f7efc1f7, type: 3}
      propertyPath: m_LocalEulerAnglesHint.z
      value: 0
      objectReference: {fileID: 0}
    - target: {fileID: 199425809991168326, guid: 0e8263b55ce10324ea322a63f7efc1f7, type: 3}
      propertyPath: m_Materials.Array.size
      value: 1
      objectReference: {fileID: 0}
    m_RemovedComponents: []
  m_SourcePrefab: {fileID: 100100000, guid: 0e8263b55ce10324ea322a63f7efc1f7, type: 3}
--- !u!1 &1691229492994286 stripped
GameObject:
  m_CorrespondingSourceObject: {fileID: 1691231143420716, guid: 0e8263b55ce10324ea322a63f7efc1f7, type: 3}
  m_PrefabInstance: {fileID: 1654686658}
  m_PrefabAsset: {fileID: 0}
--- !u!1001 &383633218873375165
PrefabInstance:
  m_ObjectHideFlags: 0
  serializedVersion: 2
  m_Modification:
    m_TransformParent: {fileID: 8857478468455527912}
    m_Modifications:
    - target: {fileID: 6217766074417790116, guid: c4d5353b61f4d104cbacd70efc791d59, type: 3}
      propertyPath: m_RootOrder
      value: 0
      objectReference: {fileID: 0}
    - target: {fileID: 6217766074417790116, guid: c4d5353b61f4d104cbacd70efc791d59, type: 3}
      propertyPath: m_LocalScale.x
      value: 0.7294222
      objectReference: {fileID: 0}
    - target: {fileID: 6217766074417790116, guid: c4d5353b61f4d104cbacd70efc791d59, type: 3}
      propertyPath: m_LocalScale.y
      value: 1.0362835
      objectReference: {fileID: 0}
    - target: {fileID: 6217766074417790116, guid: c4d5353b61f4d104cbacd70efc791d59, type: 3}
      propertyPath: m_LocalScale.z
      value: 0.72775996
      objectReference: {fileID: 0}
    - target: {fileID: 6217766074417790116, guid: c4d5353b61f4d104cbacd70efc791d59, type: 3}
      propertyPath: m_LocalPosition.x
      value: 0.099
      objectReference: {fileID: 0}
    - target: {fileID: 6217766074417790116, guid: c4d5353b61f4d104cbacd70efc791d59, type: 3}
      propertyPath: m_LocalPosition.y
      value: -2.325
      objectReference: {fileID: 0}
    - target: {fileID: 6217766074417790116, guid: c4d5353b61f4d104cbacd70efc791d59, type: 3}
      propertyPath: m_LocalPosition.z
      value: 0
      objectReference: {fileID: 0}
    - target: {fileID: 6217766074417790116, guid: c4d5353b61f4d104cbacd70efc791d59, type: 3}
      propertyPath: m_LocalRotation.w
      value: 0.9990483
      objectReference: {fileID: 0}
    - target: {fileID: 6217766074417790116, guid: c4d5353b61f4d104cbacd70efc791d59, type: 3}
      propertyPath: m_LocalRotation.x
      value: -0
      objectReference: {fileID: 0}
    - target: {fileID: 6217766074417790116, guid: c4d5353b61f4d104cbacd70efc791d59, type: 3}
      propertyPath: m_LocalRotation.y
      value: -0
      objectReference: {fileID: 0}
    - target: {fileID: 6217766074417790116, guid: c4d5353b61f4d104cbacd70efc791d59, type: 3}
      propertyPath: m_LocalRotation.z
      value: -0.043619405
      objectReference: {fileID: 0}
    - target: {fileID: 6217766074417790116, guid: c4d5353b61f4d104cbacd70efc791d59, type: 3}
      propertyPath: m_LocalEulerAnglesHint.x
      value: 0
      objectReference: {fileID: 0}
    - target: {fileID: 6217766074417790116, guid: c4d5353b61f4d104cbacd70efc791d59, type: 3}
      propertyPath: m_LocalEulerAnglesHint.y
      value: 0
      objectReference: {fileID: 0}
    - target: {fileID: 6217766074417790116, guid: c4d5353b61f4d104cbacd70efc791d59, type: 3}
      propertyPath: m_LocalEulerAnglesHint.z
      value: 0
      objectReference: {fileID: 0}
    - target: {fileID: 6217766074417790117, guid: c4d5353b61f4d104cbacd70efc791d59, type: 3}
      propertyPath: m_Name
      value: Point Light 2D
      objectReference: {fileID: 0}
    - target: {fileID: 6217766074417790119, guid: c4d5353b61f4d104cbacd70efc791d59, type: 3}
      propertyPath: m_Intensity
      value: 0.1
      objectReference: {fileID: 0}
    - target: {fileID: 6217766074417790119, guid: c4d5353b61f4d104cbacd70efc791d59, type: 3}
      propertyPath: m_FalloffIntensity
      value: 0.65
      objectReference: {fileID: 0}
    - target: {fileID: 6217766074417790119, guid: c4d5353b61f4d104cbacd70efc791d59, type: 3}
      propertyPath: m_PointLightQuality
      value: 0
      objectReference: {fileID: 0}
    - target: {fileID: 6217766074417790119, guid: c4d5353b61f4d104cbacd70efc791d59, type: 3}
      propertyPath: m_LightVolumeOpacity
      value: 0.05
      objectReference: {fileID: 0}
    - target: {fileID: 6217766074417790119, guid: c4d5353b61f4d104cbacd70efc791d59, type: 3}
      propertyPath: m_PointLightDistance
      value: 1.82
      objectReference: {fileID: 0}
    - target: {fileID: 6217766074417790119, guid: c4d5353b61f4d104cbacd70efc791d59, type: 3}
      propertyPath: m_PointLightInnerRadius
      value: 1.45
      objectReference: {fileID: 0}
    - target: {fileID: 6217766074417790119, guid: c4d5353b61f4d104cbacd70efc791d59, type: 3}
      propertyPath: m_PointLightOuterRadius
      value: 3
      objectReference: {fileID: 0}
    - target: {fileID: 6217766074417790119, guid: c4d5353b61f4d104cbacd70efc791d59, type: 3}
      propertyPath: m_ApplyToSortingLayers.Array.size
      value: 3
      objectReference: {fileID: 0}
    - target: {fileID: 6217766074417790119, guid: c4d5353b61f4d104cbacd70efc791d59, type: 3}
      propertyPath: m_ApplyToSortingLayers.Array.data[0]
      value: -1775106331
      objectReference: {fileID: 0}
    - target: {fileID: 6217766074417790119, guid: c4d5353b61f4d104cbacd70efc791d59, type: 3}
      propertyPath: m_ApplyToSortingLayers.Array.data[1]
      value: 1309367809
      objectReference: {fileID: 0}
    - target: {fileID: 6217766074417790119, guid: c4d5353b61f4d104cbacd70efc791d59, type: 3}
      propertyPath: m_ApplyToSortingLayers.Array.data[2]
      value: 872311555
      objectReference: {fileID: 0}
    - target: {fileID: 6217766074417790119, guid: c4d5353b61f4d104cbacd70efc791d59, type: 3}
      propertyPath: m_ApplyToSortingLayers.Array.data[3]
      value: 872311555
      objectReference: {fileID: 0}
    m_RemovedComponents: []
  m_SourcePrefab: {fileID: 100100000, guid: c4d5353b61f4d104cbacd70efc791d59, type: 3}
--- !u!4 &5988381419969774873 stripped
Transform:
  m_CorrespondingSourceObject: {fileID: 6217766074417790116, guid: c4d5353b61f4d104cbacd70efc791d59, type: 3}
  m_PrefabInstance: {fileID: 383633218873375165}
  m_PrefabAsset: {fileID: 0}
--- !u!1001 &649695636855092505
PrefabInstance:
  m_ObjectHideFlags: 0
  serializedVersion: 2
  m_Modification:
    m_TransformParent: {fileID: 3039633914862977185}
    m_Modifications:
    - target: {fileID: 1380238739168988, guid: e35f4911d07c78949bd6fcee2e707765, type: 3}
      propertyPath: m_Name
      value: FX_StarStunned_01
      objectReference: {fileID: 0}
    - target: {fileID: 4504870314295858, guid: e35f4911d07c78949bd6fcee2e707765, type: 3}
      propertyPath: m_RootOrder
      value: 7
      objectReference: {fileID: 0}
    - target: {fileID: 4504870314295858, guid: e35f4911d07c78949bd6fcee2e707765, type: 3}
      propertyPath: m_LocalPosition.x
      value: 0.08
      objectReference: {fileID: 0}
    - target: {fileID: 4504870314295858, guid: e35f4911d07c78949bd6fcee2e707765, type: 3}
      propertyPath: m_LocalPosition.y
      value: 3.53
      objectReference: {fileID: 0}
    - target: {fileID: 4504870314295858, guid: e35f4911d07c78949bd6fcee2e707765, type: 3}
      propertyPath: m_LocalPosition.z
      value: 0
      objectReference: {fileID: 0}
    - target: {fileID: 4504870314295858, guid: e35f4911d07c78949bd6fcee2e707765, type: 3}
      propertyPath: m_LocalRotation.w
      value: 1
      objectReference: {fileID: 0}
    - target: {fileID: 4504870314295858, guid: e35f4911d07c78949bd6fcee2e707765, type: 3}
      propertyPath: m_LocalRotation.x
      value: 0
      objectReference: {fileID: 0}
    - target: {fileID: 4504870314295858, guid: e35f4911d07c78949bd6fcee2e707765, type: 3}
      propertyPath: m_LocalRotation.y
      value: 0
      objectReference: {fileID: 0}
    - target: {fileID: 4504870314295858, guid: e35f4911d07c78949bd6fcee2e707765, type: 3}
      propertyPath: m_LocalRotation.z
      value: 0
      objectReference: {fileID: 0}
    - target: {fileID: 4504870314295858, guid: e35f4911d07c78949bd6fcee2e707765, type: 3}
      propertyPath: m_LocalEulerAnglesHint.x
      value: 0
      objectReference: {fileID: 0}
    - target: {fileID: 4504870314295858, guid: e35f4911d07c78949bd6fcee2e707765, type: 3}
      propertyPath: m_LocalEulerAnglesHint.y
      value: 0
      objectReference: {fileID: 0}
    - target: {fileID: 4504870314295858, guid: e35f4911d07c78949bd6fcee2e707765, type: 3}
      propertyPath: m_LocalEulerAnglesHint.z
      value: 0
      objectReference: {fileID: 0}
    - target: {fileID: 198177849515646030, guid: e35f4911d07c78949bd6fcee2e707765, type: 3}
      propertyPath: looping
      value: 0
      objectReference: {fileID: 0}
    - target: {fileID: 198177849515646030, guid: e35f4911d07c78949bd6fcee2e707765, type: 3}
      propertyPath: lengthInSec
      value: 5
      objectReference: {fileID: 0}
    - target: {fileID: 198177849515646030, guid: e35f4911d07c78949bd6fcee2e707765, type: 3}
      propertyPath: playOnAwake
      value: 0
      objectReference: {fileID: 0}
    - target: {fileID: 198177849515646030, guid: e35f4911d07c78949bd6fcee2e707765, type: 3}
      propertyPath: simulationSpeed
      value: 5
      objectReference: {fileID: 0}
    - target: {fileID: 198177849515646030, guid: e35f4911d07c78949bd6fcee2e707765, type: 3}
      propertyPath: RotationModule.x.scalar
      value: -0.052359875
      objectReference: {fileID: 0}
    - target: {fileID: 198177849515646030, guid: e35f4911d07c78949bd6fcee2e707765, type: 3}
      propertyPath: RotationModule.x.minScalar
      value: 0.052359875
      objectReference: {fileID: 0}
    - target: {fileID: 198177849515646030, guid: e35f4911d07c78949bd6fcee2e707765, type: 3}
      propertyPath: InitialModule.maxNumParticles
      value: 20
      objectReference: {fileID: 0}
    - target: {fileID: 198917786621913618, guid: e35f4911d07c78949bd6fcee2e707765, type: 3}
      propertyPath: looping
      value: 0
      objectReference: {fileID: 0}
    - target: {fileID: 198917786621913618, guid: e35f4911d07c78949bd6fcee2e707765, type: 3}
      propertyPath: playOnAwake
      value: 0
      objectReference: {fileID: 0}
    - target: {fileID: 198917786621913618, guid: e35f4911d07c78949bd6fcee2e707765, type: 3}
      propertyPath: simulationSpeed
      value: 5
      objectReference: {fileID: 0}
    m_RemovedComponents: []
  m_SourcePrefab: {fileID: 100100000, guid: e35f4911d07c78949bd6fcee2e707765, type: 3}
--- !u!198 &847871937947724119 stripped
ParticleSystem:
  m_CorrespondingSourceObject: {fileID: 198177849515646030, guid: e35f4911d07c78949bd6fcee2e707765, type: 3}
  m_PrefabInstance: {fileID: 649695636855092505}
  m_PrefabAsset: {fileID: 0}
--- !u!1001 &1720463466368432766
PrefabInstance:
  m_ObjectHideFlags: 0
  serializedVersion: 2
  m_Modification:
    m_TransformParent: {fileID: 3426335606690484830}
    m_Modifications:
    - target: {fileID: 1691231143420716, guid: 0e8263b55ce10324ea322a63f7efc1f7, type: 3}
      propertyPath: m_Name
      value: FX_Smoke_Trail_Small_01
      objectReference: {fileID: 0}
    - target: {fileID: 1691231143420716, guid: 0e8263b55ce10324ea322a63f7efc1f7, type: 3}
      propertyPath: m_IsActive
      value: 0
      objectReference: {fileID: 0}
    - target: {fileID: 4476152522362738, guid: 0e8263b55ce10324ea322a63f7efc1f7, type: 3}
      propertyPath: m_RootOrder
      value: 2
      objectReference: {fileID: 0}
    - target: {fileID: 4476152522362738, guid: 0e8263b55ce10324ea322a63f7efc1f7, type: 3}
      propertyPath: m_LocalScale.x
      value: 0.5
      objectReference: {fileID: 0}
    - target: {fileID: 4476152522362738, guid: 0e8263b55ce10324ea322a63f7efc1f7, type: 3}
      propertyPath: m_LocalScale.y
      value: 0.5
      objectReference: {fileID: 0}
    - target: {fileID: 4476152522362738, guid: 0e8263b55ce10324ea322a63f7efc1f7, type: 3}
      propertyPath: m_LocalPosition.x
      value: 0.14
      objectReference: {fileID: 0}
    - target: {fileID: 4476152522362738, guid: 0e8263b55ce10324ea322a63f7efc1f7, type: 3}
      propertyPath: m_LocalPosition.y
      value: -2.52
      objectReference: {fileID: 0}
    - target: {fileID: 4476152522362738, guid: 0e8263b55ce10324ea322a63f7efc1f7, type: 3}
      propertyPath: m_LocalPosition.z
      value: 0
      objectReference: {fileID: 0}
    - target: {fileID: 4476152522362738, guid: 0e8263b55ce10324ea322a63f7efc1f7, type: 3}
      propertyPath: m_LocalRotation.w
      value: 1
      objectReference: {fileID: 0}
    - target: {fileID: 4476152522362738, guid: 0e8263b55ce10324ea322a63f7efc1f7, type: 3}
      propertyPath: m_LocalRotation.x
      value: 0
      objectReference: {fileID: 0}
    - target: {fileID: 4476152522362738, guid: 0e8263b55ce10324ea322a63f7efc1f7, type: 3}
      propertyPath: m_LocalRotation.y
      value: 0
      objectReference: {fileID: 0}
    - target: {fileID: 4476152522362738, guid: 0e8263b55ce10324ea322a63f7efc1f7, type: 3}
      propertyPath: m_LocalRotation.z
      value: 0
      objectReference: {fileID: 0}
    - target: {fileID: 4476152522362738, guid: 0e8263b55ce10324ea322a63f7efc1f7, type: 3}
      propertyPath: m_LocalEulerAnglesHint.x
      value: 0
      objectReference: {fileID: 0}
    - target: {fileID: 4476152522362738, guid: 0e8263b55ce10324ea322a63f7efc1f7, type: 3}
      propertyPath: m_LocalEulerAnglesHint.y
      value: 0
      objectReference: {fileID: 0}
    - target: {fileID: 4476152522362738, guid: 0e8263b55ce10324ea322a63f7efc1f7, type: 3}
      propertyPath: m_LocalEulerAnglesHint.z
      value: 0
      objectReference: {fileID: 0}
    - target: {fileID: 198018835103457376, guid: 0e8263b55ce10324ea322a63f7efc1f7, type: 3}
      propertyPath: looping
      value: 1
      objectReference: {fileID: 0}
    - target: {fileID: 198018835103457376, guid: 0e8263b55ce10324ea322a63f7efc1f7, type: 3}
      propertyPath: prewarm
      value: 0
      objectReference: {fileID: 0}
    - target: {fileID: 198018835103457376, guid: 0e8263b55ce10324ea322a63f7efc1f7, type: 3}
      propertyPath: lengthInSec
      value: 5
      objectReference: {fileID: 0}
    - target: {fileID: 198018835103457376, guid: 0e8263b55ce10324ea322a63f7efc1f7, type: 3}
      propertyPath: simulationSpeed
      value: 1
      objectReference: {fileID: 0}
    - target: {fileID: 198018835103457376, guid: 0e8263b55ce10324ea322a63f7efc1f7, type: 3}
      propertyPath: startDelay.scalar
      value: 0
      objectReference: {fileID: 0}
    - target: {fileID: 198018835103457376, guid: 0e8263b55ce10324ea322a63f7efc1f7, type: 3}
      propertyPath: InitialModule.startSize.scalar
      value: 0.8
      objectReference: {fileID: 0}
    - target: {fileID: 198018835103457376, guid: 0e8263b55ce10324ea322a63f7efc1f7, type: 3}
      propertyPath: InitialModule.startSpeed.scalar
      value: 0
      objectReference: {fileID: 0}
    - target: {fileID: 198018835103457376, guid: 0e8263b55ce10324ea322a63f7efc1f7, type: 3}
      propertyPath: InitialModule.startSize.minScalar
      value: 0.4
      objectReference: {fileID: 0}
    - target: {fileID: 198018835103457376, guid: 0e8263b55ce10324ea322a63f7efc1f7, type: 3}
      propertyPath: InitialModule.startLifetime.scalar
      value: 0.3
      objectReference: {fileID: 0}
    - target: {fileID: 198018835103457376, guid: 0e8263b55ce10324ea322a63f7efc1f7, type: 3}
      propertyPath: InitialModule.gravityModifier.scalar
      value: 0
      objectReference: {fileID: 0}
    - target: {fileID: 198018835103457376, guid: 0e8263b55ce10324ea322a63f7efc1f7, type: 3}
      propertyPath: InitialModule.startLifetime.minScalar
      value: 0.2
      objectReference: {fileID: 0}
    - target: {fileID: 199425809991168326, guid: 0e8263b55ce10324ea322a63f7efc1f7, type: 3}
      propertyPath: m_SortingLayer
      value: 2
      objectReference: {fileID: 0}
    - target: {fileID: 199425809991168326, guid: 0e8263b55ce10324ea322a63f7efc1f7, type: 3}
      propertyPath: m_SortingOrder
      value: 3
      objectReference: {fileID: 0}
    - target: {fileID: 199425809991168326, guid: 0e8263b55ce10324ea322a63f7efc1f7, type: 3}
      propertyPath: m_SortingLayerID
      value: -419426631
      objectReference: {fileID: 0}
    - target: {fileID: 199425809991168326, guid: 0e8263b55ce10324ea322a63f7efc1f7, type: 3}
      propertyPath: m_Materials.Array.size
      value: 1
      objectReference: {fileID: 0}
    m_RemovedComponents: []
  m_SourcePrefab: {fileID: 100100000, guid: 0e8263b55ce10324ea322a63f7efc1f7, type: 3}
--- !u!1 &1722154351715424594 stripped
GameObject:
  m_CorrespondingSourceObject: {fileID: 1691231143420716, guid: 0e8263b55ce10324ea322a63f7efc1f7, type: 3}
  m_PrefabInstance: {fileID: 1720463466368432766}
  m_PrefabAsset: {fileID: 0}
--- !u!4 &1724798810500314380 stripped
Transform:
  m_CorrespondingSourceObject: {fileID: 4476152522362738, guid: 0e8263b55ce10324ea322a63f7efc1f7, type: 3}
  m_PrefabInstance: {fileID: 1720463466368432766}
  m_PrefabAsset: {fileID: 0}
--- !u!1001 &2112948263958863656
PrefabInstance:
  m_ObjectHideFlags: 0
  serializedVersion: 2
  m_Modification:
    m_TransformParent: {fileID: 3426335606690484830}
    m_Modifications:
    - target: {fileID: 6217766074417790116, guid: c4d5353b61f4d104cbacd70efc791d59, type: 3}
      propertyPath: m_RootOrder
      value: 0
      objectReference: {fileID: 0}
    - target: {fileID: 6217766074417790116, guid: c4d5353b61f4d104cbacd70efc791d59, type: 3}
      propertyPath: m_LocalScale.x
      value: 0.7294222
      objectReference: {fileID: 0}
    - target: {fileID: 6217766074417790116, guid: c4d5353b61f4d104cbacd70efc791d59, type: 3}
      propertyPath: m_LocalScale.y
      value: 1.0362835
      objectReference: {fileID: 0}
    - target: {fileID: 6217766074417790116, guid: c4d5353b61f4d104cbacd70efc791d59, type: 3}
      propertyPath: m_LocalScale.z
      value: 0.72775996
      objectReference: {fileID: 0}
    - target: {fileID: 6217766074417790116, guid: c4d5353b61f4d104cbacd70efc791d59, type: 3}
      propertyPath: m_LocalPosition.x
      value: -0.08
      objectReference: {fileID: 0}
    - target: {fileID: 6217766074417790116, guid: c4d5353b61f4d104cbacd70efc791d59, type: 3}
      propertyPath: m_LocalPosition.y
      value: -2.3
      objectReference: {fileID: 0}
    - target: {fileID: 6217766074417790116, guid: c4d5353b61f4d104cbacd70efc791d59, type: 3}
      propertyPath: m_LocalPosition.z
      value: 0
      objectReference: {fileID: 0}
    - target: {fileID: 6217766074417790116, guid: c4d5353b61f4d104cbacd70efc791d59, type: 3}
      propertyPath: m_LocalRotation.w
      value: 0.9990483
      objectReference: {fileID: 0}
    - target: {fileID: 6217766074417790116, guid: c4d5353b61f4d104cbacd70efc791d59, type: 3}
      propertyPath: m_LocalRotation.x
      value: -0
      objectReference: {fileID: 0}
    - target: {fileID: 6217766074417790116, guid: c4d5353b61f4d104cbacd70efc791d59, type: 3}
      propertyPath: m_LocalRotation.y
      value: -0
      objectReference: {fileID: 0}
    - target: {fileID: 6217766074417790116, guid: c4d5353b61f4d104cbacd70efc791d59, type: 3}
      propertyPath: m_LocalRotation.z
      value: 0.043619405
      objectReference: {fileID: 0}
    - target: {fileID: 6217766074417790116, guid: c4d5353b61f4d104cbacd70efc791d59, type: 3}
      propertyPath: m_LocalEulerAnglesHint.x
      value: 0
      objectReference: {fileID: 0}
    - target: {fileID: 6217766074417790116, guid: c4d5353b61f4d104cbacd70efc791d59, type: 3}
      propertyPath: m_LocalEulerAnglesHint.y
      value: 0
      objectReference: {fileID: 0}
    - target: {fileID: 6217766074417790116, guid: c4d5353b61f4d104cbacd70efc791d59, type: 3}
      propertyPath: m_LocalEulerAnglesHint.z
      value: 0
      objectReference: {fileID: 0}
    - target: {fileID: 6217766074417790117, guid: c4d5353b61f4d104cbacd70efc791d59, type: 3}
      propertyPath: m_Name
      value: Point Light 2D (1)
      objectReference: {fileID: 0}
    - target: {fileID: 6217766074417790119, guid: c4d5353b61f4d104cbacd70efc791d59, type: 3}
      propertyPath: m_Intensity
      value: 0.1
      objectReference: {fileID: 0}
    - target: {fileID: 6217766074417790119, guid: c4d5353b61f4d104cbacd70efc791d59, type: 3}
      propertyPath: m_FalloffIntensity
      value: 0.65
      objectReference: {fileID: 0}
    - target: {fileID: 6217766074417790119, guid: c4d5353b61f4d104cbacd70efc791d59, type: 3}
      propertyPath: m_PointLightQuality
      value: 0
      objectReference: {fileID: 0}
    - target: {fileID: 6217766074417790119, guid: c4d5353b61f4d104cbacd70efc791d59, type: 3}
      propertyPath: m_LightVolumeOpacity
      value: 0.05
      objectReference: {fileID: 0}
    - target: {fileID: 6217766074417790119, guid: c4d5353b61f4d104cbacd70efc791d59, type: 3}
      propertyPath: m_PointLightDistance
      value: 1.82
      objectReference: {fileID: 0}
    - target: {fileID: 6217766074417790119, guid: c4d5353b61f4d104cbacd70efc791d59, type: 3}
      propertyPath: m_PointLightInnerRadius
      value: 0.2
      objectReference: {fileID: 0}
    - target: {fileID: 6217766074417790119, guid: c4d5353b61f4d104cbacd70efc791d59, type: 3}
      propertyPath: m_PointLightOuterRadius
      value: 2.78
      objectReference: {fileID: 0}
    - target: {fileID: 6217766074417790119, guid: c4d5353b61f4d104cbacd70efc791d59, type: 3}
      propertyPath: m_ApplyToSortingLayers.Array.size
      value: 3
      objectReference: {fileID: 0}
    - target: {fileID: 6217766074417790119, guid: c4d5353b61f4d104cbacd70efc791d59, type: 3}
      propertyPath: m_ApplyToSortingLayers.Array.data[0]
      value: -1775106331
      objectReference: {fileID: 0}
    - target: {fileID: 6217766074417790119, guid: c4d5353b61f4d104cbacd70efc791d59, type: 3}
      propertyPath: m_ApplyToSortingLayers.Array.data[1]
      value: 1309367809
      objectReference: {fileID: 0}
    - target: {fileID: 6217766074417790119, guid: c4d5353b61f4d104cbacd70efc791d59, type: 3}
      propertyPath: m_ApplyToSortingLayers.Array.data[2]
      value: 872311555
      objectReference: {fileID: 0}
    - target: {fileID: 6217766074417790119, guid: c4d5353b61f4d104cbacd70efc791d59, type: 3}
      propertyPath: m_ApplyToSortingLayers.Array.data[3]
      value: 872311555
      objectReference: {fileID: 0}
    m_RemovedComponents: []
  m_SourcePrefab: {fileID: 100100000, guid: c4d5353b61f4d104cbacd70efc791d59, type: 3}
--- !u!4 &5411992002901205900 stripped
Transform:
  m_CorrespondingSourceObject: {fileID: 6217766074417790116, guid: c4d5353b61f4d104cbacd70efc791d59, type: 3}
  m_PrefabInstance: {fileID: 2112948263958863656}
  m_PrefabAsset: {fileID: 0}
--- !u!1001 &2619470349126710472
PrefabInstance:
  m_ObjectHideFlags: 0
  serializedVersion: 2
  m_Modification:
    m_TransformParent: {fileID: 8857478468455527912}
    m_Modifications:
    - target: {fileID: 1691231143420716, guid: 0e8263b55ce10324ea322a63f7efc1f7, type: 3}
      propertyPath: m_Name
      value: FX_Smoke_Trail_Small_01 (1)
      objectReference: {fileID: 0}
    - target: {fileID: 1691231143420716, guid: 0e8263b55ce10324ea322a63f7efc1f7, type: 3}
      propertyPath: m_IsActive
      value: 0
      objectReference: {fileID: 0}
    - target: {fileID: 4476152522362738, guid: 0e8263b55ce10324ea322a63f7efc1f7, type: 3}
      propertyPath: m_RootOrder
      value: 2
      objectReference: {fileID: 0}
    - target: {fileID: 4476152522362738, guid: 0e8263b55ce10324ea322a63f7efc1f7, type: 3}
      propertyPath: m_LocalScale.x
      value: 0.5
      objectReference: {fileID: 0}
    - target: {fileID: 4476152522362738, guid: 0e8263b55ce10324ea322a63f7efc1f7, type: 3}
      propertyPath: m_LocalScale.y
      value: 0.5
      objectReference: {fileID: 0}
    - target: {fileID: 4476152522362738, guid: 0e8263b55ce10324ea322a63f7efc1f7, type: 3}
      propertyPath: m_LocalPosition.x
      value: 0.22
      objectReference: {fileID: 0}
    - target: {fileID: 4476152522362738, guid: 0e8263b55ce10324ea322a63f7efc1f7, type: 3}
      propertyPath: m_LocalPosition.y
      value: -2.44
      objectReference: {fileID: 0}
    - target: {fileID: 4476152522362738, guid: 0e8263b55ce10324ea322a63f7efc1f7, type: 3}
      propertyPath: m_LocalPosition.z
      value: 0
      objectReference: {fileID: 0}
    - target: {fileID: 4476152522362738, guid: 0e8263b55ce10324ea322a63f7efc1f7, type: 3}
      propertyPath: m_LocalRotation.w
      value: 1
      objectReference: {fileID: 0}
    - target: {fileID: 4476152522362738, guid: 0e8263b55ce10324ea322a63f7efc1f7, type: 3}
      propertyPath: m_LocalRotation.x
      value: 0
      objectReference: {fileID: 0}
    - target: {fileID: 4476152522362738, guid: 0e8263b55ce10324ea322a63f7efc1f7, type: 3}
      propertyPath: m_LocalRotation.y
      value: 0
      objectReference: {fileID: 0}
    - target: {fileID: 4476152522362738, guid: 0e8263b55ce10324ea322a63f7efc1f7, type: 3}
      propertyPath: m_LocalRotation.z
      value: 0
      objectReference: {fileID: 0}
    - target: {fileID: 4476152522362738, guid: 0e8263b55ce10324ea322a63f7efc1f7, type: 3}
      propertyPath: m_LocalEulerAnglesHint.x
      value: 0
      objectReference: {fileID: 0}
    - target: {fileID: 4476152522362738, guid: 0e8263b55ce10324ea322a63f7efc1f7, type: 3}
      propertyPath: m_LocalEulerAnglesHint.y
      value: 0
      objectReference: {fileID: 0}
    - target: {fileID: 4476152522362738, guid: 0e8263b55ce10324ea322a63f7efc1f7, type: 3}
      propertyPath: m_LocalEulerAnglesHint.z
      value: 0
      objectReference: {fileID: 0}
    - target: {fileID: 198018835103457376, guid: 0e8263b55ce10324ea322a63f7efc1f7, type: 3}
      propertyPath: looping
      value: 1
      objectReference: {fileID: 0}
    - target: {fileID: 198018835103457376, guid: 0e8263b55ce10324ea322a63f7efc1f7, type: 3}
      propertyPath: prewarm
      value: 0
      objectReference: {fileID: 0}
    - target: {fileID: 198018835103457376, guid: 0e8263b55ce10324ea322a63f7efc1f7, type: 3}
      propertyPath: lengthInSec
      value: 5
      objectReference: {fileID: 0}
    - target: {fileID: 198018835103457376, guid: 0e8263b55ce10324ea322a63f7efc1f7, type: 3}
      propertyPath: simulationSpeed
      value: 1
      objectReference: {fileID: 0}
    - target: {fileID: 198018835103457376, guid: 0e8263b55ce10324ea322a63f7efc1f7, type: 3}
      propertyPath: startDelay.scalar
      value: 0
      objectReference: {fileID: 0}
    - target: {fileID: 198018835103457376, guid: 0e8263b55ce10324ea322a63f7efc1f7, type: 3}
      propertyPath: InitialModule.startSize.scalar
      value: 0.8
      objectReference: {fileID: 0}
    - target: {fileID: 198018835103457376, guid: 0e8263b55ce10324ea322a63f7efc1f7, type: 3}
      propertyPath: InitialModule.startSpeed.scalar
      value: 0
      objectReference: {fileID: 0}
    - target: {fileID: 198018835103457376, guid: 0e8263b55ce10324ea322a63f7efc1f7, type: 3}
      propertyPath: InitialModule.startSize.minScalar
      value: 0.4
      objectReference: {fileID: 0}
    - target: {fileID: 198018835103457376, guid: 0e8263b55ce10324ea322a63f7efc1f7, type: 3}
      propertyPath: InitialModule.startLifetime.scalar
      value: 0.6
      objectReference: {fileID: 0}
    - target: {fileID: 198018835103457376, guid: 0e8263b55ce10324ea322a63f7efc1f7, type: 3}
      propertyPath: InitialModule.gravityModifier.scalar
      value: 0
      objectReference: {fileID: 0}
    - target: {fileID: 198018835103457376, guid: 0e8263b55ce10324ea322a63f7efc1f7, type: 3}
      propertyPath: InitialModule.startLifetime.minScalar
      value: 0.4
      objectReference: {fileID: 0}
    - target: {fileID: 199425809991168326, guid: 0e8263b55ce10324ea322a63f7efc1f7, type: 3}
      propertyPath: m_SortingLayer
      value: 2
      objectReference: {fileID: 0}
    - target: {fileID: 199425809991168326, guid: 0e8263b55ce10324ea322a63f7efc1f7, type: 3}
      propertyPath: m_SortingOrder
      value: 3
      objectReference: {fileID: 0}
    - target: {fileID: 199425809991168326, guid: 0e8263b55ce10324ea322a63f7efc1f7, type: 3}
      propertyPath: m_SortingLayerID
      value: -419426631
      objectReference: {fileID: 0}
    - target: {fileID: 199425809991168326, guid: 0e8263b55ce10324ea322a63f7efc1f7, type: 3}
      propertyPath: m_Materials.Array.size
      value: 1
      objectReference: {fileID: 0}
    m_RemovedComponents: []
  m_SourcePrefab: {fileID: 100100000, guid: 0e8263b55ce10324ea322a63f7efc1f7, type: 3}
--- !u!4 &2618242223209446330 stripped
Transform:
  m_CorrespondingSourceObject: {fileID: 4476152522362738, guid: 0e8263b55ce10324ea322a63f7efc1f7, type: 3}
  m_PrefabInstance: {fileID: 2619470349126710472}
  m_PrefabAsset: {fileID: 0}
--- !u!1 &2620030986667481060 stripped
GameObject:
  m_CorrespondingSourceObject: {fileID: 1691231143420716, guid: 0e8263b55ce10324ea322a63f7efc1f7, type: 3}
  m_PrefabInstance: {fileID: 2619470349126710472}
  m_PrefabAsset: {fileID: 0}
--- !u!1001 &3039633914863052271
PrefabInstance:
  m_ObjectHideFlags: 0
  serializedVersion: 2
  m_Modification:
    m_TransformParent: {fileID: 4450672706579488948}
    m_Modifications:
    - target: {fileID: 111748, guid: aa2d05fe33594bd4da555db6be2f9d8b, type: 3}
      propertyPath: m_IsActive
      value: 1
      objectReference: {fileID: 0}
    - target: {fileID: 125334, guid: aa2d05fe33594bd4da555db6be2f9d8b, type: 3}
      propertyPath: m_Name
      value: HD Human
      objectReference: {fileID: 0}
    - target: {fileID: 150874, guid: aa2d05fe33594bd4da555db6be2f9d8b, type: 3}
      propertyPath: m_IsActive
      value: 1
      objectReference: {fileID: 0}
    - target: {fileID: 158162, guid: aa2d05fe33594bd4da555db6be2f9d8b, type: 3}
      propertyPath: m_IsActive
      value: 1
      objectReference: {fileID: 0}
    - target: {fileID: 174090, guid: aa2d05fe33594bd4da555db6be2f9d8b, type: 3}
      propertyPath: m_IsActive
      value: 1
      objectReference: {fileID: 0}
    - target: {fileID: 408852, guid: aa2d05fe33594bd4da555db6be2f9d8b, type: 3}
      propertyPath: m_LocalPosition.x
      value: -0.1603
      objectReference: {fileID: 0}
    - target: {fileID: 408852, guid: aa2d05fe33594bd4da555db6be2f9d8b, type: 3}
      propertyPath: m_LocalPosition.y
      value: 0.3238
      objectReference: {fileID: 0}
    - target: {fileID: 408852, guid: aa2d05fe33594bd4da555db6be2f9d8b, type: 3}
      propertyPath: m_LocalPosition.z
      value: 0.0092
      objectReference: {fileID: 0}
    - target: {fileID: 482850, guid: aa2d05fe33594bd4da555db6be2f9d8b, type: 3}
      propertyPath: m_RootOrder
      value: 0
      objectReference: {fileID: 0}
    - target: {fileID: 482850, guid: aa2d05fe33594bd4da555db6be2f9d8b, type: 3}
      propertyPath: m_LocalPosition.x
      value: 0
      objectReference: {fileID: 0}
    - target: {fileID: 482850, guid: aa2d05fe33594bd4da555db6be2f9d8b, type: 3}
      propertyPath: m_LocalPosition.y
      value: 0
      objectReference: {fileID: 0}
    - target: {fileID: 482850, guid: aa2d05fe33594bd4da555db6be2f9d8b, type: 3}
      propertyPath: m_LocalPosition.z
      value: 0
      objectReference: {fileID: 0}
    - target: {fileID: 482850, guid: aa2d05fe33594bd4da555db6be2f9d8b, type: 3}
      propertyPath: m_LocalRotation.w
      value: 1
      objectReference: {fileID: 0}
    - target: {fileID: 482850, guid: aa2d05fe33594bd4da555db6be2f9d8b, type: 3}
      propertyPath: m_LocalRotation.x
      value: 0
      objectReference: {fileID: 0}
    - target: {fileID: 482850, guid: aa2d05fe33594bd4da555db6be2f9d8b, type: 3}
      propertyPath: m_LocalRotation.y
      value: 0
      objectReference: {fileID: 0}
    - target: {fileID: 482850, guid: aa2d05fe33594bd4da555db6be2f9d8b, type: 3}
      propertyPath: m_LocalRotation.z
      value: 0
      objectReference: {fileID: 0}
    - target: {fileID: 482850, guid: aa2d05fe33594bd4da555db6be2f9d8b, type: 3}
      propertyPath: m_LocalEulerAnglesHint.x
      value: 0
      objectReference: {fileID: 0}
    - target: {fileID: 482850, guid: aa2d05fe33594bd4da555db6be2f9d8b, type: 3}
      propertyPath: m_LocalEulerAnglesHint.y
      value: 0
      objectReference: {fileID: 0}
    - target: {fileID: 482850, guid: aa2d05fe33594bd4da555db6be2f9d8b, type: 3}
      propertyPath: m_LocalEulerAnglesHint.z
      value: 0
      objectReference: {fileID: 0}
    - target: {fileID: 4102137, guid: aa2d05fe33594bd4da555db6be2f9d8b, type: 3}
      propertyPath: m_Radius
      value: 1.34
      objectReference: {fileID: 0}
    - target: {fileID: 4102137, guid: aa2d05fe33594bd4da555db6be2f9d8b, type: 3}
      propertyPath: m_Offset.y
      value: 1.74
      objectReference: {fileID: 0}
    - target: {fileID: 4102138, guid: aa2d05fe33594bd4da555db6be2f9d8b, type: 3}
      propertyPath: m_BreakForce
      value: 2000
      objectReference: {fileID: 0}
    - target: {fileID: 4102138, guid: aa2d05fe33594bd4da555db6be2f9d8b, type: 3}
      propertyPath: m_ConnectedAnchor.y
      value: -0.19583356
      objectReference: {fileID: 0}
    - target: {fileID: 4102138, guid: aa2d05fe33594bd4da555db6be2f9d8b, type: 3}
      propertyPath: m_AutoConfigureConnectedAnchor
      value: 0
      objectReference: {fileID: 0}
    - target: {fileID: 21200284, guid: aa2d05fe33594bd4da555db6be2f9d8b, type: 3}
      propertyPath: m_SortingLayer
      value: 2
      objectReference: {fileID: 0}
    - target: {fileID: 21200284, guid: aa2d05fe33594bd4da555db6be2f9d8b, type: 3}
      propertyPath: m_SortingLayerID
      value: -419426631
      objectReference: {fileID: 0}
    - target: {fileID: 21200314, guid: aa2d05fe33594bd4da555db6be2f9d8b, type: 3}
      propertyPath: m_SortingLayer
      value: 2
      objectReference: {fileID: 0}
    - target: {fileID: 21200314, guid: aa2d05fe33594bd4da555db6be2f9d8b, type: 3}
      propertyPath: m_SortingLayerID
      value: -419426631
      objectReference: {fileID: 0}
    - target: {fileID: 21200326, guid: aa2d05fe33594bd4da555db6be2f9d8b, type: 3}
      propertyPath: m_SortingLayer
      value: 2
      objectReference: {fileID: 0}
    - target: {fileID: 21200326, guid: aa2d05fe33594bd4da555db6be2f9d8b, type: 3}
      propertyPath: m_SortingLayerID
      value: -419426631
      objectReference: {fileID: 0}
    - target: {fileID: 21201054, guid: aa2d05fe33594bd4da555db6be2f9d8b, type: 3}
      propertyPath: m_SortingLayer
      value: 2
      objectReference: {fileID: 0}
    - target: {fileID: 21201054, guid: aa2d05fe33594bd4da555db6be2f9d8b, type: 3}
      propertyPath: m_SortingLayerID
      value: -419426631
      objectReference: {fileID: 0}
    - target: {fileID: 21203390, guid: aa2d05fe33594bd4da555db6be2f9d8b, type: 3}
      propertyPath: m_SortingLayer
      value: 2
      objectReference: {fileID: 0}
    - target: {fileID: 21203390, guid: aa2d05fe33594bd4da555db6be2f9d8b, type: 3}
      propertyPath: m_SortingLayerID
      value: -419426631
      objectReference: {fileID: 0}
    - target: {fileID: 21205506, guid: aa2d05fe33594bd4da555db6be2f9d8b, type: 3}
      propertyPath: m_SortingLayer
      value: 2
      objectReference: {fileID: 0}
    - target: {fileID: 21205506, guid: aa2d05fe33594bd4da555db6be2f9d8b, type: 3}
      propertyPath: m_SortingLayerID
      value: -419426631
      objectReference: {fileID: 0}
    - target: {fileID: 21208026, guid: aa2d05fe33594bd4da555db6be2f9d8b, type: 3}
      propertyPath: m_SortingLayer
      value: 2
      objectReference: {fileID: 0}
    - target: {fileID: 21208026, guid: aa2d05fe33594bd4da555db6be2f9d8b, type: 3}
      propertyPath: m_SortingLayerID
      value: -419426631
      objectReference: {fileID: 0}
    - target: {fileID: 21208418, guid: aa2d05fe33594bd4da555db6be2f9d8b, type: 3}
      propertyPath: m_SortingLayer
      value: 2
      objectReference: {fileID: 0}
    - target: {fileID: 21208418, guid: aa2d05fe33594bd4da555db6be2f9d8b, type: 3}
      propertyPath: m_SortingLayerID
      value: -419426631
      objectReference: {fileID: 0}
    - target: {fileID: 21214744, guid: aa2d05fe33594bd4da555db6be2f9d8b, type: 3}
      propertyPath: m_SortingLayer
      value: 2
      objectReference: {fileID: 0}
    - target: {fileID: 21214744, guid: aa2d05fe33594bd4da555db6be2f9d8b, type: 3}
      propertyPath: m_SortingOrder
      value: 1
      objectReference: {fileID: 0}
    - target: {fileID: 21214744, guid: aa2d05fe33594bd4da555db6be2f9d8b, type: 3}
      propertyPath: m_SortingLayerID
      value: -419426631
      objectReference: {fileID: 0}
    - target: {fileID: 21219136, guid: aa2d05fe33594bd4da555db6be2f9d8b, type: 3}
      propertyPath: m_SortingLayer
      value: 2
      objectReference: {fileID: 0}
    - target: {fileID: 21219136, guid: aa2d05fe33594bd4da555db6be2f9d8b, type: 3}
      propertyPath: m_SortingLayerID
      value: -419426631
      objectReference: {fileID: 0}
    - target: {fileID: 21224190, guid: aa2d05fe33594bd4da555db6be2f9d8b, type: 3}
      propertyPath: m_SortingLayer
      value: 2
      objectReference: {fileID: 0}
    - target: {fileID: 21224190, guid: aa2d05fe33594bd4da555db6be2f9d8b, type: 3}
      propertyPath: m_SortingLayerID
      value: -419426631
      objectReference: {fileID: 0}
    - target: {fileID: 21230938, guid: aa2d05fe33594bd4da555db6be2f9d8b, type: 3}
      propertyPath: m_SortingLayer
      value: 2
      objectReference: {fileID: 0}
    - target: {fileID: 21230938, guid: aa2d05fe33594bd4da555db6be2f9d8b, type: 3}
      propertyPath: m_SortingLayerID
      value: -419426631
      objectReference: {fileID: 0}
    - target: {fileID: 21235452, guid: aa2d05fe33594bd4da555db6be2f9d8b, type: 3}
      propertyPath: m_SortingLayer
      value: 2
      objectReference: {fileID: 0}
    - target: {fileID: 21235452, guid: aa2d05fe33594bd4da555db6be2f9d8b, type: 3}
      propertyPath: m_SortingOrder
      value: 1
      objectReference: {fileID: 0}
    - target: {fileID: 21235452, guid: aa2d05fe33594bd4da555db6be2f9d8b, type: 3}
      propertyPath: m_SortingLayerID
      value: -419426631
      objectReference: {fileID: 0}
    - target: {fileID: 21236826, guid: aa2d05fe33594bd4da555db6be2f9d8b, type: 3}
      propertyPath: m_SortingLayer
      value: 2
      objectReference: {fileID: 0}
    - target: {fileID: 21236826, guid: aa2d05fe33594bd4da555db6be2f9d8b, type: 3}
      propertyPath: m_SortingLayerID
      value: -419426631
      objectReference: {fileID: 0}
    - target: {fileID: 21240500, guid: aa2d05fe33594bd4da555db6be2f9d8b, type: 3}
      propertyPath: m_SortingLayer
      value: 2
      objectReference: {fileID: 0}
    - target: {fileID: 21240500, guid: aa2d05fe33594bd4da555db6be2f9d8b, type: 3}
      propertyPath: m_SortingLayerID
      value: -419426631
      objectReference: {fileID: 0}
    - target: {fileID: 21243132, guid: aa2d05fe33594bd4da555db6be2f9d8b, type: 3}
      propertyPath: m_SortingLayer
      value: 2
      objectReference: {fileID: 0}
    - target: {fileID: 21243132, guid: aa2d05fe33594bd4da555db6be2f9d8b, type: 3}
      propertyPath: m_SortingLayerID
      value: -419426631
      objectReference: {fileID: 0}
    - target: {fileID: 21250132, guid: aa2d05fe33594bd4da555db6be2f9d8b, type: 3}
      propertyPath: m_SortingLayer
      value: 2
      objectReference: {fileID: 0}
    - target: {fileID: 21250132, guid: aa2d05fe33594bd4da555db6be2f9d8b, type: 3}
      propertyPath: m_SortingLayerID
      value: -419426631
      objectReference: {fileID: 0}
    - target: {fileID: 21253332, guid: aa2d05fe33594bd4da555db6be2f9d8b, type: 3}
      propertyPath: m_SortingLayer
      value: 2
      objectReference: {fileID: 0}
    - target: {fileID: 21253332, guid: aa2d05fe33594bd4da555db6be2f9d8b, type: 3}
      propertyPath: m_SortingLayerID
      value: -419426631
      objectReference: {fileID: 0}
    - target: {fileID: 21255606, guid: aa2d05fe33594bd4da555db6be2f9d8b, type: 3}
      propertyPath: m_SortingLayer
      value: 2
      objectReference: {fileID: 0}
    - target: {fileID: 21255606, guid: aa2d05fe33594bd4da555db6be2f9d8b, type: 3}
      propertyPath: m_SortingLayerID
      value: -419426631
      objectReference: {fileID: 0}
    - target: {fileID: 21256052, guid: aa2d05fe33594bd4da555db6be2f9d8b, type: 3}
      propertyPath: m_SortingLayer
      value: 2
      objectReference: {fileID: 0}
    - target: {fileID: 21256052, guid: aa2d05fe33594bd4da555db6be2f9d8b, type: 3}
      propertyPath: m_SortingLayerID
      value: -419426631
      objectReference: {fileID: 0}
    - target: {fileID: 21263666, guid: aa2d05fe33594bd4da555db6be2f9d8b, type: 3}
      propertyPath: m_SortingLayer
      value: 2
      objectReference: {fileID: 0}
    - target: {fileID: 21263666, guid: aa2d05fe33594bd4da555db6be2f9d8b, type: 3}
      propertyPath: m_SortingLayerID
      value: -419426631
      objectReference: {fileID: 0}
    - target: {fileID: 21268020, guid: aa2d05fe33594bd4da555db6be2f9d8b, type: 3}
      propertyPath: m_SortingLayer
      value: 2
      objectReference: {fileID: 0}
    - target: {fileID: 21268020, guid: aa2d05fe33594bd4da555db6be2f9d8b, type: 3}
      propertyPath: m_SortingLayerID
      value: -419426631
      objectReference: {fileID: 0}
    - target: {fileID: 21269834, guid: aa2d05fe33594bd4da555db6be2f9d8b, type: 3}
      propertyPath: m_SortingLayer
      value: 2
      objectReference: {fileID: 0}
    - target: {fileID: 21269834, guid: aa2d05fe33594bd4da555db6be2f9d8b, type: 3}
      propertyPath: m_SortingLayerID
      value: -419426631
      objectReference: {fileID: 0}
    - target: {fileID: 21270434, guid: aa2d05fe33594bd4da555db6be2f9d8b, type: 3}
      propertyPath: m_SortingLayer
      value: 2
      objectReference: {fileID: 0}
    - target: {fileID: 21270434, guid: aa2d05fe33594bd4da555db6be2f9d8b, type: 3}
      propertyPath: m_SortingLayerID
      value: -419426631
      objectReference: {fileID: 0}
    - target: {fileID: 21273662, guid: aa2d05fe33594bd4da555db6be2f9d8b, type: 3}
      propertyPath: m_SortingLayer
      value: 2
      objectReference: {fileID: 0}
    - target: {fileID: 21273662, guid: aa2d05fe33594bd4da555db6be2f9d8b, type: 3}
      propertyPath: m_SortingLayerID
      value: -419426631
      objectReference: {fileID: 0}
    - target: {fileID: 21275322, guid: aa2d05fe33594bd4da555db6be2f9d8b, type: 3}
      propertyPath: m_SortingLayer
      value: 2
      objectReference: {fileID: 0}
    - target: {fileID: 21275322, guid: aa2d05fe33594bd4da555db6be2f9d8b, type: 3}
      propertyPath: m_SortingLayerID
      value: -419426631
      objectReference: {fileID: 0}
    - target: {fileID: 21278932, guid: aa2d05fe33594bd4da555db6be2f9d8b, type: 3}
      propertyPath: m_SortingLayer
      value: 2
      objectReference: {fileID: 0}
    - target: {fileID: 21278932, guid: aa2d05fe33594bd4da555db6be2f9d8b, type: 3}
      propertyPath: m_SortingLayerID
      value: -419426631
      objectReference: {fileID: 0}
    - target: {fileID: 21281568, guid: aa2d05fe33594bd4da555db6be2f9d8b, type: 3}
      propertyPath: m_SortingLayer
      value: 2
      objectReference: {fileID: 0}
    - target: {fileID: 21281568, guid: aa2d05fe33594bd4da555db6be2f9d8b, type: 3}
      propertyPath: m_SortingLayerID
      value: -419426631
      objectReference: {fileID: 0}
    - target: {fileID: 21282314, guid: aa2d05fe33594bd4da555db6be2f9d8b, type: 3}
      propertyPath: m_SortingLayer
      value: 2
      objectReference: {fileID: 0}
    - target: {fileID: 21282314, guid: aa2d05fe33594bd4da555db6be2f9d8b, type: 3}
      propertyPath: m_SortingLayerID
      value: -419426631
      objectReference: {fileID: 0}
    - target: {fileID: 21286032, guid: aa2d05fe33594bd4da555db6be2f9d8b, type: 3}
      propertyPath: m_SortingLayer
      value: 2
      objectReference: {fileID: 0}
    - target: {fileID: 21286032, guid: aa2d05fe33594bd4da555db6be2f9d8b, type: 3}
      propertyPath: m_SortingLayerID
      value: -419426631
      objectReference: {fileID: 0}
    - target: {fileID: 21296014, guid: aa2d05fe33594bd4da555db6be2f9d8b, type: 3}
      propertyPath: m_SortingLayer
      value: 2
      objectReference: {fileID: 0}
    - target: {fileID: 21296014, guid: aa2d05fe33594bd4da555db6be2f9d8b, type: 3}
      propertyPath: m_SortingLayerID
      value: -419426631
      objectReference: {fileID: 0}
    - target: {fileID: 171268144, guid: aa2d05fe33594bd4da555db6be2f9d8b, type: 3}
      propertyPath: m_IsActive
      value: 0
      objectReference: {fileID: 0}
    - target: {fileID: 171268147, guid: aa2d05fe33594bd4da555db6be2f9d8b, type: 3}
      propertyPath: m_RootOrder
      value: 12
      objectReference: {fileID: 0}
    - target: {fileID: 171268149, guid: aa2d05fe33594bd4da555db6be2f9d8b, type: 3}
      propertyPath: m_ConnectedAnchor.x
      value: -10.92
      objectReference: {fileID: 0}
    - target: {fileID: 171268149, guid: aa2d05fe33594bd4da555db6be2f9d8b, type: 3}
      propertyPath: m_ConnectedAnchor.y
      value: -0.26900002
      objectReference: {fileID: 0}
    - target: {fileID: 375675906, guid: aa2d05fe33594bd4da555db6be2f9d8b, type: 3}
      propertyPath: m_ConnectedAnchor.y
      value: -3.595667
      objectReference: {fileID: 0}
    - target: {fileID: 517991905, guid: aa2d05fe33594bd4da555db6be2f9d8b, type: 3}
      propertyPath: m_ConnectedAnchor.x
      value: 0.18653405
      objectReference: {fileID: 0}
    - target: {fileID: 517991905, guid: aa2d05fe33594bd4da555db6be2f9d8b, type: 3}
      propertyPath: m_ConnectedAnchor.y
      value: -0.46290806
      objectReference: {fileID: 0}
    - target: {fileID: 603919246, guid: aa2d05fe33594bd4da555db6be2f9d8b, type: 3}
      propertyPath: m_ConnectedAnchor.x
      value: -0.18846595
      objectReference: {fileID: 0}
    - target: {fileID: 603919246, guid: aa2d05fe33594bd4da555db6be2f9d8b, type: 3}
      propertyPath: m_ConnectedAnchor.y
      value: -0.46290806
      objectReference: {fileID: 0}
    - target: {fileID: 1119115271, guid: aa2d05fe33594bd4da555db6be2f9d8b, type: 3}
      propertyPath: m_Size.x
      value: 0.5
      objectReference: {fileID: 0}
    - target: {fileID: 1119115271, guid: aa2d05fe33594bd4da555db6be2f9d8b, type: 3}
      propertyPath: m_Size.y
      value: 0.8
      objectReference: {fileID: 0}
    - target: {fileID: 1119115272, guid: aa2d05fe33594bd4da555db6be2f9d8b, type: 3}
      propertyPath: m_ConnectedAnchor.x
      value: -0.5394745
      objectReference: {fileID: 0}
    - target: {fileID: 1119115272, guid: aa2d05fe33594bd4da555db6be2f9d8b, type: 3}
      propertyPath: m_ConnectedAnchor.y
      value: -4.032408
      objectReference: {fileID: 0}
    - target: {fileID: 1119115273, guid: aa2d05fe33594bd4da555db6be2f9d8b, type: 3}
      propertyPath: m_Mass
      value: 10
      objectReference: {fileID: 0}
    - target: {fileID: 1119115273, guid: aa2d05fe33594bd4da555db6be2f9d8b, type: 3}
      propertyPath: m_GravityScale
      value: 0.5
      objectReference: {fileID: 0}
    - target: {fileID: 1316396481, guid: aa2d05fe33594bd4da555db6be2f9d8b, type: 3}
      propertyPath: m_ConnectedAnchor.x
      value: -0.16452585
      objectReference: {fileID: 0}
    - target: {fileID: 1316396481, guid: aa2d05fe33594bd4da555db6be2f9d8b, type: 3}
      propertyPath: m_ConnectedAnchor.y
      value: -1.2500408
      objectReference: {fileID: 0}
    - target: {fileID: 1320186063, guid: aa2d05fe33594bd4da555db6be2f9d8b, type: 3}
      propertyPath: m_Mass
      value: 5
      objectReference: {fileID: 0}
    - target: {fileID: 1461142948, guid: aa2d05fe33594bd4da555db6be2f9d8b, type: 3}
      propertyPath: m_BreakForce
      value: 2000
      objectReference: {fileID: 0}
    - target: {fileID: 1461142948, guid: aa2d05fe33594bd4da555db6be2f9d8b, type: 3}
      propertyPath: m_ConnectedAnchor.x
      value: -0.0000001862645
      objectReference: {fileID: 0}
    - target: {fileID: 1461142948, guid: aa2d05fe33594bd4da555db6be2f9d8b, type: 3}
      propertyPath: m_ConnectedAnchor.y
      value: -1.7041665
      objectReference: {fileID: 0}
    - target: {fileID: 1461142948, guid: aa2d05fe33594bd4da555db6be2f9d8b, type: 3}
      propertyPath: m_AutoConfigureConnectedAnchor
      value: 0
      objectReference: {fileID: 0}
    - target: {fileID: 1522507158, guid: aa2d05fe33594bd4da555db6be2f9d8b, type: 3}
      propertyPath: m_BreakForce
      value: 2000
      objectReference: {fileID: 0}
    - target: {fileID: 1522507158, guid: aa2d05fe33594bd4da555db6be2f9d8b, type: 3}
      propertyPath: m_ConnectedAnchor.x
      value: -0.019825686
      objectReference: {fileID: 0}
    - target: {fileID: 1522507158, guid: aa2d05fe33594bd4da555db6be2f9d8b, type: 3}
      propertyPath: m_ConnectedAnchor.y
      value: -1.6851543
      objectReference: {fileID: 0}
    - target: {fileID: 1522507158, guid: aa2d05fe33594bd4da555db6be2f9d8b, type: 3}
      propertyPath: m_AutoConfigureConnectedAnchor
      value: 0
      objectReference: {fileID: 0}
    - target: {fileID: 1810228418, guid: aa2d05fe33594bd4da555db6be2f9d8b, type: 3}
      propertyPath: m_RootOrder
      value: 13
      objectReference: {fileID: 0}
    - target: {fileID: 1823319021, guid: aa2d05fe33594bd4da555db6be2f9d8b, type: 3}
      propertyPath: m_Size.x
      value: 0.5
      objectReference: {fileID: 0}
    - target: {fileID: 1823319021, guid: aa2d05fe33594bd4da555db6be2f9d8b, type: 3}
      propertyPath: m_Size.y
      value: 0.8
      objectReference: {fileID: 0}
    - target: {fileID: 1823319022, guid: aa2d05fe33594bd4da555db6be2f9d8b, type: 3}
      propertyPath: m_ConnectedAnchor.x
      value: 0.53606325
      objectReference: {fileID: 0}
    - target: {fileID: 1823319022, guid: aa2d05fe33594bd4da555db6be2f9d8b, type: 3}
      propertyPath: m_ConnectedAnchor.y
      value: -4.0080695
      objectReference: {fileID: 0}
    - target: {fileID: 1823319023, guid: aa2d05fe33594bd4da555db6be2f9d8b, type: 3}
      propertyPath: m_Mass
      value: 10
      objectReference: {fileID: 0}
    - target: {fileID: 1823319023, guid: aa2d05fe33594bd4da555db6be2f9d8b, type: 3}
      propertyPath: m_GravityScale
      value: 0.5
      objectReference: {fileID: 0}
    - target: {fileID: 1910477661, guid: aa2d05fe33594bd4da555db6be2f9d8b, type: 3}
      propertyPath: m_ConnectedAnchor.x
      value: -0.0041668303
      objectReference: {fileID: 0}
    - target: {fileID: 1910477661, guid: aa2d05fe33594bd4da555db6be2f9d8b, type: 3}
      propertyPath: m_ConnectedAnchor.y
      value: -1.2916679
      objectReference: {fileID: 0}
    - target: {fileID: 6647269921211531233, guid: aa2d05fe33594bd4da555db6be2f9d8b, type: 3}
      propertyPath: m_RootOrder
      value: 12
      objectReference: {fileID: 0}
    - target: {fileID: 8371702223018993244, guid: aa2d05fe33594bd4da555db6be2f9d8b, type: 3}
      propertyPath: m_IsActive
      value: 0
      objectReference: {fileID: 0}
    m_RemovedComponents:
    - {fileID: 1316396483, guid: aa2d05fe33594bd4da555db6be2f9d8b, type: 3}
    - {fileID: 1910477663, guid: aa2d05fe33594bd4da555db6be2f9d8b, type: 3}
    - {fileID: 1119115272, guid: aa2d05fe33594bd4da555db6be2f9d8b, type: 3}
    - {fileID: 1823319022, guid: aa2d05fe33594bd4da555db6be2f9d8b, type: 3}
    - {fileID: 517991905, guid: aa2d05fe33594bd4da555db6be2f9d8b, type: 3}
    - {fileID: 603919246, guid: aa2d05fe33594bd4da555db6be2f9d8b, type: 3}
    - {fileID: 1316396481, guid: aa2d05fe33594bd4da555db6be2f9d8b, type: 3}
    - {fileID: 1910477661, guid: aa2d05fe33594bd4da555db6be2f9d8b, type: 3}
    - {fileID: 1119115271, guid: aa2d05fe33594bd4da555db6be2f9d8b, type: 3}
    - {fileID: 1910477660, guid: aa2d05fe33594bd4da555db6be2f9d8b, type: 3}
    - {fileID: 1823319021, guid: aa2d05fe33594bd4da555db6be2f9d8b, type: 3}
    - {fileID: 1522507157, guid: aa2d05fe33594bd4da555db6be2f9d8b, type: 3}
    - {fileID: 517991904, guid: aa2d05fe33594bd4da555db6be2f9d8b, type: 3}
    - {fileID: 1461142947, guid: aa2d05fe33594bd4da555db6be2f9d8b, type: 3}
    - {fileID: 603919245, guid: aa2d05fe33594bd4da555db6be2f9d8b, type: 3}
  m_SourcePrefab: {fileID: 100100000, guid: aa2d05fe33594bd4da555db6be2f9d8b, type: 3}
--- !u!50 &3039633914114721280 stripped
Rigidbody2D:
  m_CorrespondingSourceObject: {fileID: 1823319023, guid: aa2d05fe33594bd4da555db6be2f9d8b, type: 3}
  m_PrefabInstance: {fileID: 3039633914863052271}
  m_PrefabAsset: {fileID: 0}
--- !u!1 &3039633914863160381 stripped
GameObject:
  m_CorrespondingSourceObject: {fileID: 158162, guid: aa2d05fe33594bd4da555db6be2f9d8b, type: 3}
  m_PrefabInstance: {fileID: 3039633914863052271}
  m_PrefabAsset: {fileID: 0}
--- !u!1 &3039633914863151843 stripped
GameObject:
  m_CorrespondingSourceObject: {fileID: 102156, guid: aa2d05fe33594bd4da555db6be2f9d8b, type: 3}
  m_PrefabInstance: {fileID: 3039633914863052271}
  m_PrefabAsset: {fileID: 0}
--- !u!1 &3039633914863181447 stripped
GameObject:
  m_CorrespondingSourceObject: {fileID: 146280, guid: aa2d05fe33594bd4da555db6be2f9d8b, type: 3}
  m_PrefabInstance: {fileID: 3039633914863052271}
  m_PrefabAsset: {fileID: 0}
--- !u!1 &3039633914863143625 stripped
GameObject:
  m_CorrespondingSourceObject: {fileID: 110374, guid: aa2d05fe33594bd4da555db6be2f9d8b, type: 3}
  m_PrefabInstance: {fileID: 3039633914863052271}
  m_PrefabAsset: {fileID: 0}
--- !u!1 &3039633914863162585 stripped
GameObject:
  m_CorrespondingSourceObject: {fileID: 160054, guid: aa2d05fe33594bd4da555db6be2f9d8b, type: 3}
  m_PrefabInstance: {fileID: 3039633914863052271}
  m_PrefabAsset: {fileID: 0}
--- !u!50 &3039633913544971552 stripped
Rigidbody2D:
  m_CorrespondingSourceObject: {fileID: 1320186063, guid: aa2d05fe33594bd4da555db6be2f9d8b, type: 3}
  m_PrefabInstance: {fileID: 3039633914863052271}
  m_PrefabAsset: {fileID: 0}
--- !u!4 &3039633914862992933 stripped
Transform:
  m_CorrespondingSourceObject: {fileID: 465866, guid: aa2d05fe33594bd4da555db6be2f9d8b, type: 3}
  m_PrefabInstance: {fileID: 3039633914863052271}
  m_PrefabAsset: {fileID: 0}
--- !u!58 &3039633914862432790 stripped
CircleCollider2D:
  m_CorrespondingSourceObject: {fileID: 4102137, guid: aa2d05fe33594bd4da555db6be2f9d8b, type: 3}
  m_PrefabInstance: {fileID: 3039633914863052271}
  m_PrefabAsset: {fileID: 0}
--- !u!4 &3039633914862977185 stripped
Transform:
  m_CorrespondingSourceObject: {fileID: 468302, guid: aa2d05fe33594bd4da555db6be2f9d8b, type: 3}
  m_PrefabInstance: {fileID: 3039633914863052271}
  m_PrefabAsset: {fileID: 0}
--- !u!1 &3039633914863146067 stripped
GameObject:
  m_CorrespondingSourceObject: {fileID: 111036, guid: aa2d05fe33594bd4da555db6be2f9d8b, type: 3}
  m_PrefabInstance: {fileID: 3039633914863052271}
  m_PrefabAsset: {fileID: 0}
--- !u!4 &3039633914862975949 stripped
Transform:
  m_CorrespondingSourceObject: {fileID: 482850, guid: aa2d05fe33594bd4da555db6be2f9d8b, type: 3}
  m_PrefabInstance: {fileID: 3039633914863052271}
  m_PrefabAsset: {fileID: 0}
--- !u!50 &3039633913544971552 stripped
Rigidbody2D:
  m_CorrespondingSourceObject: {fileID: 1320186063, guid: aa2d05fe33594bd4da555db6be2f9d8b, type: 3}
  m_PrefabInstance: {fileID: 3039633914863052271}
  m_PrefabAsset: {fileID: 0}
--- !u!50 &3039633913746046438 stripped
Rigidbody2D:
  m_CorrespondingSourceObject: {fileID: 1119115273, guid: aa2d05fe33594bd4da555db6be2f9d8b, type: 3}
  m_PrefabInstance: {fileID: 3039633914863052271}
  m_PrefabAsset: {fileID: 0}
--- !u!1 &3039633914863167669 stripped
GameObject:
  m_CorrespondingSourceObject: {fileID: 150874, guid: aa2d05fe33594bd4da555db6be2f9d8b, type: 3}
  m_PrefabInstance: {fileID: 3039633914863052271}
  m_PrefabAsset: {fileID: 0}
--- !u!50 &3039633913557481517 stripped
Rigidbody2D:
  m_CorrespondingSourceObject: {fileID: 1316396482, guid: aa2d05fe33594bd4da555db6be2f9d8b, type: 3}
  m_PrefabInstance: {fileID: 3039633914863052271}
  m_PrefabAsset: {fileID: 0}
--- !u!1 &3039633914863145323 stripped
GameObject:
  m_CorrespondingSourceObject: {fileID: 111748, guid: aa2d05fe33594bd4da555db6be2f9d8b, type: 3}
  m_PrefabInstance: {fileID: 3039633914863052271}
  m_PrefabAsset: {fileID: 0}
--- !u!50 &3039633914071873201 stripped
Rigidbody2D:
  m_CorrespondingSourceObject: {fileID: 1910477662, guid: aa2d05fe33594bd4da555db6be2f9d8b, type: 3}
  m_PrefabInstance: {fileID: 3039633914863052271}
  m_PrefabAsset: {fileID: 0}
--- !u!1 &3039633914863209957 stripped
GameObject:
  m_CorrespondingSourceObject: {fileID: 174090, guid: aa2d05fe33594bd4da555db6be2f9d8b, type: 3}
  m_PrefabInstance: {fileID: 3039633914863052271}
  m_PrefabAsset: {fileID: 0}
--- !u!1001 &6790621144055948462
PrefabInstance:
  m_ObjectHideFlags: 0
  serializedVersion: 2
  m_Modification:
    m_TransformParent: {fileID: 3039633914862992933}
    m_Modifications:
    - target: {fileID: 6217766074417790116, guid: c4d5353b61f4d104cbacd70efc791d59, type: 3}
      propertyPath: m_RootOrder
      value: 1
      objectReference: {fileID: 0}
    - target: {fileID: 6217766074417790116, guid: c4d5353b61f4d104cbacd70efc791d59, type: 3}
      propertyPath: m_LocalScale.x
      value: 3.0323327
      objectReference: {fileID: 0}
    - target: {fileID: 6217766074417790116, guid: c4d5353b61f4d104cbacd70efc791d59, type: 3}
      propertyPath: m_LocalScale.y
      value: 3.0323327
      objectReference: {fileID: 0}
    - target: {fileID: 6217766074417790116, guid: c4d5353b61f4d104cbacd70efc791d59, type: 3}
      propertyPath: m_LocalPosition.x
      value: 0
      objectReference: {fileID: 0}
    - target: {fileID: 6217766074417790116, guid: c4d5353b61f4d104cbacd70efc791d59, type: 3}
      propertyPath: m_LocalPosition.y
      value: -2.07
      objectReference: {fileID: 0}
    - target: {fileID: 6217766074417790116, guid: c4d5353b61f4d104cbacd70efc791d59, type: 3}
      propertyPath: m_LocalPosition.z
      value: 0
      objectReference: {fileID: 0}
    - target: {fileID: 6217766074417790116, guid: c4d5353b61f4d104cbacd70efc791d59, type: 3}
      propertyPath: m_LocalRotation.w
      value: 1
      objectReference: {fileID: 0}
    - target: {fileID: 6217766074417790116, guid: c4d5353b61f4d104cbacd70efc791d59, type: 3}
      propertyPath: m_LocalRotation.x
      value: -0
      objectReference: {fileID: 0}
    - target: {fileID: 6217766074417790116, guid: c4d5353b61f4d104cbacd70efc791d59, type: 3}
      propertyPath: m_LocalRotation.y
      value: -0
      objectReference: {fileID: 0}
    - target: {fileID: 6217766074417790116, guid: c4d5353b61f4d104cbacd70efc791d59, type: 3}
      propertyPath: m_LocalRotation.z
      value: -0
      objectReference: {fileID: 0}
    - target: {fileID: 6217766074417790116, guid: c4d5353b61f4d104cbacd70efc791d59, type: 3}
      propertyPath: m_LocalEulerAnglesHint.x
      value: 0
      objectReference: {fileID: 0}
    - target: {fileID: 6217766074417790116, guid: c4d5353b61f4d104cbacd70efc791d59, type: 3}
      propertyPath: m_LocalEulerAnglesHint.y
      value: 0
      objectReference: {fileID: 0}
    - target: {fileID: 6217766074417790116, guid: c4d5353b61f4d104cbacd70efc791d59, type: 3}
      propertyPath: m_LocalEulerAnglesHint.z
      value: 0
      objectReference: {fileID: 0}
    - target: {fileID: 6217766074417790117, guid: c4d5353b61f4d104cbacd70efc791d59, type: 3}
      propertyPath: m_Name
      value: Point Light 2D
      objectReference: {fileID: 0}
    - target: {fileID: 6217766074417790119, guid: c4d5353b61f4d104cbacd70efc791d59, type: 3}
      propertyPath: m_Intensity
      value: 0.8
      objectReference: {fileID: 0}
    - target: {fileID: 6217766074417790119, guid: c4d5353b61f4d104cbacd70efc791d59, type: 3}
      propertyPath: m_FalloffIntensity
      value: 0.71
      objectReference: {fileID: 0}
    - target: {fileID: 6217766074417790119, guid: c4d5353b61f4d104cbacd70efc791d59, type: 3}
      propertyPath: m_PointLightInnerRadius
      value: 3
      objectReference: {fileID: 0}
    m_RemovedComponents: []
  m_SourcePrefab: {fileID: 100100000, guid: c4d5353b61f4d104cbacd70efc791d59, type: 3}
